2835 3439
179 322 182 326 »
224 290 629 334 otmaseentr-actas
659 287 759 344 (quo
791 286 963 343 quidem
994 288 1088 331 loeo
1109 287 1396 341 inveniuntur)
1429 288 1557 333 ctiam
1582 286 1720 331 vocali
1753 292 1954 343 sequente
1987 285 2274 330 adhibiturum
2306 283 2449 333 suisne.

420 360 458 403 1.
520 358 701 404 Formae
723 359 834 405 enim
855 359 1125 415 bisyllabae
1147 365 1309 406 tantum
1334 361 1377 405 in
1400 365 1550 420 quarto
1572 359 1727 406 senarii
1749 358 1858 419 pede
1881 361 2119 413 occurrunt,
2142 355 2338 402 nimirum
2352 358 2407 399 nt
2427 365 2610 412 anapae-

0 472 22 500 ³.
130 468 135 472 .
205 435 296 481 stus
326 431 495 487 vitetur,
529 430 596 476 cui
628 429 765 476 locum
799 431 1001 476 metricae
1033 432 1150 489 leges
1181 446 1231 476 eo
1263 433 1305 477 in
1337 432 1448 490 pede
1480 432 1706 488 denegant.

700 502 827 548 Herc.
860 502 939 549 fur.
975 504 1107 547 1151:
1141 504 1277 563 spolio
1308 503 1473 548 leonis?
1505 517 1687 560 quonam
1718 502 1819 546 abit
1851 502 2033 557 tegimen
2066 513 2202 545 meum

699 574 852 631 Agam.
888 576 991 618 113:
1025 580 1067 618 et
1099 577 1169 633 qui
1202 576 1341 620 redire
1374 589 1467 619 eum
1500 577 1618 633 perit
1650 575 1784 617 nescit
1816 573 1951 630 pudor

699 646 850 691 Oetav.
882 649 992 692 422:
1025 649 1164 692 aliena
1195 649 1292 693 telis
1323 654 1397 692 aut
1427 649 1543 705 petit
1574 647 1760 705 praedae
1792 645 2024 689 imminens.

346 718 575 764 Praeterea
606 718 804 775 leguntur
835 721 1032 765 carminis
1064 721 1325 777 anapaestiei
1359 721 1424 764 bis
1456 720 1500 763 in
1532 719 1642 777 pede
1674 719 1828 762 altero:

700 791 825 834 Here.
859 792 953 835 Oet.
989 793 1120 835 1865:
1160 793 1230 835 lux
1263 795 1346 835 una
1378 795 1498 848 perit
1530 791 1760 847 noctesque
1794 790 1900 832 duas

699 862 881 905 Phaedr.
914 863 1020 906 354:
1054 863 1280 918 odiumque
1311 865 1430 920 perit
1462 877 1554 905 eum
1589 863 1710 906 iussit
1742 862 1884 904 Amor.

418 932 457 976 2.
522 932 698 977 Formas
729 938 871 977 autem
905 932 1124 978 diductas
1147 934 1310 978 Seneca
1340 939 1501 978 tantum
1535 934 1576 976 iu
1610 932 1801 975 diverbio
1834 931 2047 974 adhibuit:
2082 930 2209 973 semel
2245 931 2283 972 iu
2320 929 2465 984 quinto
2498 927 2608 985 pede

698 1004 880 1047 Phaedr.
917 1005 1019 1046 135:
1052 1018 1146 1048 sero
1178 1011 1345 1048 recusat
1376 1005 1485 1048 ferre
1519 1004 1629 1059 quod
1663 1004 1805 1046 subiit
1838 1005 1981 1057 iugum

201 1074 399 1118 nimirum
433 1080 478 1117 ut
511 1079 683 1118 caveret
714 1089 873 1119 merum
905 1076 1103 1129 iambum,
1142 1078 1212 1131 qui
1245 1090 1295 1120 eo
1327 1077 1420 1120 loeo
1452 1077 1506 1119 ab
1539 1077 1772 1119 Annaeana
1805 1075 1966 1117 ratione
2000 1073 2176 1115 metrica
2219 1078 2302 1114 tani
2336 1071 2497 1115 alienus
2528 1074 2606 1125 est,

201 1150 246 1189 ut
279 1145 394 1189 illum
426 1170 483 1177 --
516 1147 708 1203 exeeptis
741 1152 939 1201 quattuor
978 1148 1215 1191 nominibus
1246 1149 1469 1204 propi-iis2)
1503 1173 1559 1178 —
1592 1147 1757 1189 duobus
1789 1152 1951 1190 tantum
1984 1146 2089 1189 loeis
2122 1144 2404 1201 usurpaverit:

696 1218 805 1262 Med.
836 1219 942 1262 512:
977 1219 1138 1263 Phoebi
1170 1224 1347 1277 nepotes
1380 1218 1552 1275 Sisyphi
1584 1218 1859 1275 nepotibus

698 1289 854 1333 Troad.
891 1290 1022 1334 1080:
1058 1290 1123 1334 his
1154 1290 1242 1334 alta
1273 1303 1412 1347 rupes,
1446 1291 1564 1335 cuius
1595 1291 1637 1334 in
1669 1289 1944 1343 cacumine,

201 1360 273 1404 ubi
306 1360 477 1404 nomina
508 1360 828 1418 quadrisyllaba
859 1362 1028 1406 ultimos
1060 1362 1214 1406 senarii
1248 1362 1382 1419 pedes
1414 1362 1808 1418 complectuntur³).

351 1432 437 1475 Ter
479 1446 530 1475 eo
563 1433 702 1487 modo,
747 1439 793 1476 ut
824 1434 1083 1491 paenultima
1127 1434 1245 1476 verbi
1277 1434 1442 1490 syllaba
1477 1435 1526 1486 (i)
1560 1434 1736 1476 alteram
1777 1433 1983 1487 syllabam
2029 1444 2172 1473 arseos
2204 1430 2326 1486 pedis
2357 1428 2529 1471 secundi
2563 1429 2603 1469 in

200 1503 427 1559 tribaehyn
460 1502 653 1547 dissoluti
686 1505 855 1559 efficiat,
897 1506 1042 1548 ultima
1075 1506 1191 1548 verbi
1237 1505 1404 1561 syllaba
1438 1506 1505 1559 (it)
1541 1505 1677 1549 thesin
1712 1504 1833 1561 pedis
1865 1504 1991 1558 tertii,
2038 1503 2147 1547 unde
2193 1515 2369 1546 caesura
2412 1500 2604 1556 semiqui-

203 1574 323 1618 naria
355 1575 487 1618 01·itu1·
517 1575 684 1632 syllaba
715 1577 908 1632 proxima
938 1577 1019 1619 rite
1051 1577 1280 1634 producta:

698 1646 880 1689 Phaedr.
913 1647 1018 1690 999:
1051 1662 1163 1691 nune
1194 1651 1340 1705 raptor
1372 1647 1509 1692 obiit.
1542 1648 1688 1691 mortis
1719 1646 1849 1690 effare
1881 1646 2070 1690 ordinem

700 1718 852 1772 Agam.
885 1719 990 1761 944:
1024 1719 1220 1772 excessit,
1253 1719 1385 1773 abiit,
1420 1733 1565 1762 currus
1597 1718 1756 1762 effreno
1787 1719 1946 1774 impetu

698 1789 824 1832 Here.
858 1789 953 1833 Oet.
988 1790 1090 1832 751:
1123 1805 1147 1832 o
1179 1796 1327 1845 mater,
1360 1790 1500 1833 abiet:
1533 1790 1722 1833 membra
1753 1794 1797 1833 et
1828 1789 2060 1833 Herculeos
2091 1793 2220 1832 toros.

341 1859 388 1902 C.
451 1859 522 1901 Ex
534 1864 680 1901 eunte
713 1874 859 1902 versu
893 1848 1092 1916 pleraque
1125 1860 1247 1903 huius
1279 1862 1582 1904 contractionis
1619 1861 1815 1917 exempla
1848 1865 2017 1903 exstant
2049 1861 2092 1902 in
2124 1859 2316 1912 senariis,
2348 1860 2390 1901 in
2422 1858 2602 1901 canticis

200 1929 384 1984 quinque
416 1934 597 1973 tantum:
637 1936 772 1986 petit:
806 1931 931 1973 Here.
965 1931 1043 1973 fur.
1078 1931 1188 1984 8253
1228 1931 1381 1988 Oedip.
1415 1932 1520 1985 8033
1555 1931 1713 1974 Troad.
1746 1932 1852 1984 3483
1886 1931 2038 1975 Oetav.
2071 1931 2171 1973 519.
2204 1954 2261 1960 ——
2286 1935 2427 1986 perit:
2473 1929 2601 1972 Here.

199 2000 375 2055 fur.49;
410 2001 567 2044 Troad.
585 2002 685 2044 493.
718 2002 825 2055 6313
860 2002 1144 2054 Phoen.210;
1178 2002 1289 2045 Med.
1308 2003 1414 2056 9943
1449 2003 1573 2046 Here.
1608 2003 1701 2047 Oet.
1722 2003 1834 2045 1089
1868 2005 1924 2055 (v.
1950 2002 2162 2058 Glycon).
2190 2001 2446 2044 1421.1867
2482 1999 2600 2052 (dim.

198 2073 357 2128 anap.).
380 2072 491 2114 1089
524 2074 580 2126 (v.
606 2073 819 2128 Glycon).
853 2098 909 2103 -
941 2074 1077 2116 redit:
1112 2073 1268 2116 Troad.
1287 2074 1366 2127 503
1398 2073 1509 2116 Med.
1528 2074 1634 2127 984;
1668 2074 1793 2116 Here.
1828 2074 1922 2117 Oet.
1947 2074 2072 2116 1681.
2096 2097 2152 2102 —
2174 2074 2284 2115 abit:
2319 2070 2599 2123 Troad.460;

198 2141 324 2186 Herc.
358 2143 452 2187 Oet.
489 2143 614 2186 1616.
654 2144 776 2187 1760.
814 2145 923 2187 1977
935 2160 945 2198 ς
979 2144 1161 2187 Phaedr.
1198 2145 1300 2199 7283
1334 2144 1485 2202 Oedip.
1515 2145 1616 2188 320.
1649 2170 1705 2175 —
1738 2146 1844 2198 obit:
1879 2144 2036 2188 Troad.
2060 2144 2166 2198 597;
2199 2143 2323 2186 Here.
2358 2142 2452 2186 Oet.
2489 2141 2596 2185 1911

199 2216 381 2268 (tetram.
414 2217 573 2273 anap.).
607 2240 664 2246 —
695 2217 811 2260 adit:
844 2217 969 2259 Herc.
1003 2216 1097 2260 Oet.
1135 2216 1247 2259 1062
1280 2220 1336 2270 (v.
1361 2217 1572 2274 Glycon).
1605 2242 1662 2248 —
1694 2223 1801 2260 coit:
1835 2216 1986 2274 Oedip.
2021 2217 2120 2259 224.

338 2288 474 2331 Huius
505 2289 663 2344 speciei
697 2288 855 2331 formae
887 2289 927 2331 3.
961 2287 1078 2344 Sing.
1113 2289 1298 2332 Perfeeti
1337 2291 1504 2333 omnino
1536 2296 1706 2333 exstant
1738 2289 1913 2345 triginta
1956 2303 2107 2331 noveni
2141 2289 2180 2341 (7
2215 2289 2256 2330 in
2289 2287 2498 2340 canticis),
2544 2300 2599 2330 ex

198 2358 348 2413 quibus
378 2363 542 2402 tantum
575 2360 757 2414 quinque
789 2366 884 2403 sunt
916 2360 1099 2416 duplicis
1130 2362 1157 2402 i.

340 2430 404 2473 De
450 2432 627 2474 metrica
670 2436 808 2474 autem
856 2432 1033 2484 ratione,
1081 2446 1164 2486 qua
1210 2433 1371 2475 formae
1422 2435 1575 2489 „adim
1621 2435 1743 2487 abiit,
1787 2432 1945 2475 subiit“
1987 2432 2108 2474 simil.
2157 2430 2395 2473 metiendae
2443 2435 2600 2483 essent,

195 2501 275 2543 nisi
308 2503 516 2544 communi
549 2503 803 2557 reliquorum
836 2503 1018 2545 omnium
1059 2504 1325 2558 antiquitatis
1357 2510 1574 2560 poetarum
1608 2519 1722 2548 more
1755 2510 1876 2547 extra
1908 2517 2072 2546 omnem
2106 2503 2413 2545 dubitationem
2458 2502 2600 2558 posita

339 2668 372 2709 1)
398 2668 499 2704 Vide
537 2670 590 2704 sis
626 2670 676 2705 de
714 2671 851 2705 formis
890 2670 1072 2714 diductis,
1112 2680 1216 2715 quae
1255 2675 1380 2706 metro
1420 2672 1645 2717 postulatae
1680 2677 1812 2705 tamen
1852 2672 1925 2705 nisi
1965 2673 2159 2715 sequente
2192 2670 2323 2704 littera
2350 2673 2601 2705 consonante

197 2735 278 2759 non
304 2728 573 2771 reperiuntur.

336 2784 373 2827 2)
761 2788 861 2823 Med.
890 2789 974 2823 709:
1002 2798 1164 2833 sparsus
1190 2798 1332 2823 eruore
1360 2789 1565 2824 Caucasus
1591 2789 1879 2823 Promethei.

762 2847 907 2882 Troad.
936 2847 1020 2883 195:
1046 2847 1245 2893 desponsa
1272 2848 1417 2883 nostris
1443 2847 1644 2883 cineribus
1670 2846 1934 2892 Polyxene.

762 2906 923 2951 Thyest.
952 2908 1037 2942 115:
1064 2909 1140 2942 iam
1167 2907 1299 2942 Lerna
1326 2910 1432 2942 retro
1459 2908 1576 2941 cessit
1603 2910 1641 2940 et
1667 2906 1980 2940 Phoronides.

761 2966 877 3001 Here.
905 2966 988 3002 Oet.
1015 2966 1101 3002 804:
1127 2967 1286 3013 excepit
1312 2967 1455 3009 omnis:
1483 2966 1573 3000 hine
1600 2969 1739 3010 petrae
1765 2963 2080 3009 Capherides.
2224 3009 2227 3011 ‚

335 3021 372 3067 3)
399 3021 623 3070 Singularis
649 3029 708 3062 est
734 3035 876 3062 versus
902 3026 1018 3062 Here.
1049 3027 1124 3062 fur.
1151 3026 1196 3062 20
1220 3036 1244 3061 a
1270 3025 1572 3062 Bueelielero
1601 3035 1650 3060 ex
1678 3026 1827 3071 optimo
1857 3025 1995 3062 codiee
2023 3027 2078 3062 ita
2105 3030 2333 3062 correctus:

968 3086 1162 3121 Thebana
1187 3087 1304 3121 tellus
1330 3096 1469 3133 sparsa
1496 3087 1665 3124 nuribus
1690 3086 1830 3132 impiis,

194 3140 236 3175 in
262 3150 341 3185 quo
371 3140 661 3180 Porsonianam
688 3145 821 3190 legem
848 3146 984 3181 valere
1009 3146 1175 3182 videbis.

287 249 300 269 Ρ
354 209 449 264 Sed
478 179 562 260 lice
600 227 702 259 casu
732 213 916 273 potius¹)
947 228 1072 272 quam
1103 213 1201 272 lege
1243 215 1387 272 aliqua
1418 216 1576 261 factum
1620 227 1713 259 esse
1744 212 1848 258 mihi
1892 212 2061 258 videtur
2090 216 2221 268 atque
2250 210 2479 257 &nm‘
2504 209 2612 269 W
2643 249 2656 279 ¹.
