2835 3439
558 281 812 337 ss'vetustior
841 280 978 326 forma
1011 263 1202 339 „intuor“
1237 282 1311 325 vix
1331 286 1397 325 est
1418 295 1591 324 numero
1623 282 1811 326 inferior.
1874 284 1992 327 Haec
2015 285 2128 328 enim
2149 274 2370 341 septiens
2373 260 2607 328 inveniam
2629 274 2661 316 >⁵¹

215 380 274 407 ‹ss
356 365 394 411 ι»
408 354 478 410 17,
509 351 695 398 Phaedr.
719 352 821 407 898,
853 353 981 396 Herc.
1004 352 1100 397 Oet.
1126 353 1236 396 1357
1262 353 1427 407 (1755),
1460 353 1612 396 Octav.
1637 354 1721 396 728
1745 359 1933 397 extremo
1957 369 2104 399 versus
2126 355 2288 409 loco¹);
2321 353 2506 398 Phaedr.
2520 354 2609 398 424

204 413 387 486 's‘pejdess
416 415 566 477 altero,
619 424 662 467 in
694 428 846 479 quarto
877 423 987 480 pede
1019 424 1202 467 Phaedr.
1230 424 1341 467 1168
1353 426 1401 476 ²).
1480 424 1559 467 Illa
1603 429 1719 468 certe
1768 424 1933 468 duobus
1979 426 2082 469 locis
2114 430 2280 470 exstat:
2328 424 2491 469 Troad.
2521 425 2607 469 507

198 497 396 554 intumet,
425 495 579 542 Octav.
602 495 686 538 387
720 496 888 538 intueri
918 495 960 537 in
984 495 1094 552 pede
1125 495 1261 539 altero
1273 496 1322 549 ³).
1384 494 1608 539 Accedunt
1639 500 1802 553 septem
1836 496 1931 551 loci,
1965 497 2115 550 quibus
2145 497 2334 542 dubitari
2365 497 2496 543 liceat
2525 496 2611 540 utri

16 575 34 631 ‚j
53 569 71 595 ’·
200 563 578 625 sit'eoniugationi
610 566 785 610 verbum
817 566 1154 610 attribuendum:
1187 568 1315 610 Herc.
1338 567 1417 610 fur.
1440 568 1511 610 62.
1543 568 1645 610 219.
1681 569 1808 622 1265,
1842 568 1952 623 Thy.
1979 570 2077 623 706,
2109 570 2209 619 903,
2242 570 2372 613 Herc.
2395 568 2495 613 Oet.
2509 564 2611 612 240.

142 654 147 657 '
176 639 320 692 ”1693
350 639 482 696 (1737
510 644 658 683 tuens:
677 638 972 693 Heinsius),
1005 639 1156 693 quibus
1187 637 1293 682 loeis
1324 637 1604 695 Participium
1629 638 1850 694 „intuens“
1886 654 2008 682 versu
2040 646 2220 683 exeunte
2242 640 2470 684 invenitur.
2516 639 2612 683 Etsi
2653 684 2663 694 ,

128 719 152 732 “
201 712 335 772 igitur
362 714 538 770 propter
568 723 833 753 numerorum
867 710 1072 753 rationem
1104 710 1339 754 breviorem
1373 710 1553 754 formam
1585 711 1811 754 enucleare
1841 712 1976 765 malis,
2026 716 2166 755 tamen
2198 713 2374 756 verbum
2406 712 2612 768 coniuga-

202 785 331 829 tionis
352 783 397 827 in
417 797 440 827 e
461 781 668 826 formatae
691 780 934 838 Participiis
954 782 1038 825 illis
1059 782 1232 825 subesse
1255 786 1482 838 propterea
1498 782 1586 826 veri
1609 778 1787 826 similius
1808 787 1886 837 est,
1919 783 2018 837 quia
2040 783 2219 839 simplex
2242 783 2416 828 verbum
2442 781 2610 840 „tueri“

202 861 292 900 tum
337 854 536 898 usitatum
584 853 726 895 multis
769 854 874 895 locis
906 858 1106 908 apparet:
1161 854 1286 896 Herc.
1327 854 1406 896 fur.
1438 854 1539 896 344.
1581 854 1679 896 785.
1743 853 1900 896 Troad.
1934 855 2034 896 667.
2066 855 2166 896 906.
2230 855 2339 898 Med.
2374 855 2477 898 263.
2508 855 2611 898 502.

202 927 356 983 Agam.
388 926 489 968 354.
539 925 665 967 Here.
699 924 793 967 Oct.
828 925 895 966 89.
930 925 1000 966 90.
1038 925 1133 966 196.
1179 924 1292 979 Thy.
1330 926 1426 968 189.
1474 925 1625 968 Octav.
1657 926 1759 968 456.

345 997 535 1051 Utraque
579 996 717 1038 forma
760 995 881 1038 deest
929 996 1096 1038 omnino
1143 996 1186 1038 in
1231 996 1475 1040 Phoenissis
1507 1001 1549 1040 et
1589 996 1632 1039 in
1673 996 1909 1052 Oedipode.
1975 997 2128 1040 Forma
2162 998 2370 1054 „intuor“,
2404 1011 2515 1053 quae
2547 1003 2615 1041 ter

204 1070 360 1126 legitur
390 1068 433 1109 in
466 1066 664 1108 Phaedra
696 1070 892 1119 (vacante
924 1067 1092 1121 altera),
1125 1067 1191 1110 bis
1222 1068 1264 1109 in
1287 1068 1468 1110 Hercule
1491 1068 1666 1121 Oetaeo,
1700 1068 1829 1110 semel
1863 1069 1905 1110 in
1929 1068 2244 1122 Agamemnone
2276 1075 2320 1112 et
2350 1070 2393 1112 111
2415 1069 2613 1124 Octavia,

204 1145 350 1183 carent
381 1138 586 1183 Hercules
618 1138 773 1192 furens,
807 1137 1013 1192 Troades,
1046 1138 1213 1192 Medea,
1257 1138 1483 1194 Thyestes,
1532 1137 1612 1181 nisi
1646 1138 1753 1181 forte
1786 1138 1828 1180 in
1862 1137 2044 1181 Hercule
2077 1138 2240 1182 furente
2272 1145 2315 1182 et
2346 1140 2388 1182 in
2420 1139 2615 1197 Thyeste

204 1211 481 1267 Participium
513 1209 612 1251 inde
645 1210 823 1265 petitum
857 1214 935 1251 est.

918 1628 983 1702 C.
1082 1633 1179 1699 De
1225 1630 1458 1699 formis
1508 1630 1897 1719 sigmaticis.

348 1797 528 1842 Formae
573 1799 826 1854 sigmaticae
871 1798 1119 1841 acerrimum
1165 1799 1275 1841 inter
1322 1798 1434 1842 viros
1483 1798 1633 1841 doctos
1693 1804 1908 1843 certamen
1943 1799 2247 1852 excitaverunt,
2293 1811 2376 1852 quo
2401 1797 2614 1853 agebatur

206 1874 343 1913 utrum
373 1873 537 1914 tantum
570 1869 697 1913 modo
728 1871 789 1913 rei
822 1870 988 1913 futurae
1021 1869 1273 1912 inservirent
1318 1884 1372 1912 an
1405 1870 1531 1912 etiam
1565 1871 1784 1926 perfectae
1816 1869 2133 1925 significandae.
2212 1870 2330 1912 Illius
2372 1868 2614 1911 sententiae

206 1940 404 1985 defensor
434 1942 665 1987 acerrimus
698 1941 862 1985 exstitit
894 1941 1135 1996 Madvigius
1166 1941 1209 1983 in
1241 1941 1446 1997 opusculo
1480 1941 1774 1985 celeberrimo:
1824 1941 1878 1984 de
1910 1941 2133 1984 formarum
2178 1940 2441 1995 quarundam
2487 1939 2609 1984 verbi

206 2012 350 2054 Latini
382 2016 535 2055 natura
566 2017 609 2055 et
641 2012 809 2067 usu“‘¹),
858 2026 950 2055 cum
983 2011 1322 2055 adversariorum
1371 2017 1512 2054 castra
1544 2018 1707 2055 teneret
1740 2013 1975 2065 Corssenf’).
2039 2011 2126 2055 Sed
2159 2011 2460 2068 manuscriptis
2490 2024 2615 2055 accu-

206 2084 338 2126 ratius
368 2083 572 2139 inspectis
603 2084 800 2139 exempla
832 2084 984 2138 omnia,
1034 2083 1186 2137 quibus
1218 2083 1411 2125 Corsseni
1444 2085 1655 2126 sententia
1693 2085 1909 2136 niteretur,
1958 2084 2123 2125 interim
2155 2087 2432 2135 evanuerunt,
2477 2082 2539 2125 ita
2570 2086 2621 2125 ut

207 2153 333 2197 hodie
365 2159 456 2198 tota
486 2155 678 2211 quaestio
711 2154 937 2212 profligata
969 2168 1195 2210 eorumque
1228 2154 1430 2197 iudicium
1465 2154 1730 2212 probandum
1762 2156 1830 2211 sit,
1864 2155 1932 2210 qui
1967 2169 2053 2198 rem
2084 2154 2318 2212 perfectam
2351 2153 2435 2198 illis
2466 2153 2621 2198 formis

206 2227 437 2280 significari
468 2230 682 2281 negentss).
748 2228 985 2270 Didicimus
1017 2229 1147 2282 igitur
1179 2241 1232 2269 ex
1266 2228 1347 2269 hoc
1377 2229 1682 2270 sententiarum
1722 2228 1949 2270 certamine
2006 2227 2112 2269 tales
2159 2227 2316 2269 forinas
2352 2226 2475 2268 'nulla
2519 2238 2615 2269 cum

207 2297 406 2340 Perfecto
437 2299 602 2341 ratione
634 2300 881 2341 coniunctas
904 2300 1064 2341 Futura
1097 2312 1190 2341 esse
1219 2313 1245 2340 a
1268 2299 1386 2341 verbi
1418 2299 1563 2342 radice
1596 2300 1663 2341 vel
1695 2314 1721 2342 a
1744 2301 1970 2342 Praesente
2002 2298 2201 2341 aoristico
2234 2297 2431 2341 derivata
2463 2296 2619 2340 eodem

350 2488 385 2532 1)
519 2488 663 2536 Agam.
690 2489 779 2526 917:
924 2490 1087 2526 Oresta:
1112 2491 1230 2539 amici
1259 2489 1340 2526 fida
1367 2491 1569 2537 praesidia
1594 2491 1740 2526 intuor.

519 2549 688 2585 Phaedr.
713 2550 800 2586 898:
923 2550 1039 2593 Quod
1066 2551 1236 2594 facinus,
1264 2550 1344 2586 heu
1369 2561 1444 2594 me,
1470 2550 1619 2586 cerno?
1647 2551 1754 2596 quod
1782 2553 2000 2585 monstrum
2029 2550 2164 2584 intuor

519 2608 636 2644 Here.
663 2609 747 2645 Oet.
776 2610 885 2644 1357:
924 2610 1096 2645 Ubinam
1123 2611 1200 2644 ista
1226 2610 1333 2656 palla
1360 2609 1449 2645 est?
1476 2611 1654 2645 membra
1680 2610 1831 2645 nudata
1860 2610 1995 2644 intuor

569 2695 586 2713 ,‚
688 2696 704 2713 „
756 2670 895 2710 (1755):
921 2669 1008 2705 Non
1037 2671 1180 2715 pressit
1207 2670 1355 2704 oculos.
1395 2669 1465 2704 sed
1493 2670 1588 2714 quid
1616 2670 1717 2704 hoe?
1744 2674 1934 2704 maest-ani
1963 2670 2096 2702 intuor

520 2727 659 2763 Octav.
686 2728 773 2763 7282
923 2729 963 2762 111
991 2729 1080 2772 quis
1107 2728 1228 2762 residi
1256 2730 1372 2762 fessa.
1412 2729 1639 2762 venientem
1666 2729 1799 2762 intuor

349 2782 387 2827 2)
519 2784 690 2821 Phaedr.
716 2786 803 2821 424:
923 2788 1054 2832 ipsum
1080 2787 1217 2822 intuor
1242 2787 1419 2822 solemne
1448 2791 1705 2821 venerantem
1733 2796 1889 2821 sacrum

594 2872 610 2890 „
694 2846 800 2881 1168:
922 2845 1150 2892 Hippolyte,
1176 2846 1277 2881 tales
1303 2846 1436 2880 intuor
1464 2845 1598 2881 vultus
1624 2849 1726 2880 tuos.

350 2902 386 2945 3)
520 2903 667 2940 Troad.
694 2904 781 2941 507:
918 2913 967 2941 611
993 2906 1161 2947 intuere,
1192 2905 1311 2940 turba
1337 2915 1441 2949 quae
1467 2905 1590 2939 simus
1616 2915 1738 2949 super

519 2961 658 2999 Octav.
684 2964 774 3001 387:
923 2964 1077 3000 caelum
1104 2964 1263 3007 intueri,
1292 2963 1383 2999 solis
1410 2963 1585 2999 alternas
1612 2963 1730 3000 vices.

349 3020 387 3061 4)
414 3021 558 3067 Opusc.
585 3024 764 3058 academ.
793 3025 905 3059 alter.
940 3024 1031 3058 1842
1058 3036 1092 3071 p.
1119 3025 1223 3059 60ss.

350 3080 387 3121 5)
413 3071 523 3118 fiber
547 3084 816 3130 Ausspraehev
844 3087 1096 3119 Vokalismus
1123 3087 1205 3119 und
1233 3086 1447 3129 B‹·tonung
1474 3084 1543 3118 dei·
1569 3083 1831 3117 lateinischon
1858 3083 2047 3129 Sprachc,
2072 3083 2240 3131 Leipzig
2268 3085 2361 3119 1370
2387 3083 2450 3119 112.

349 3138 386 3186 6)
413 3140 463 3179 cf.
487 3139 711 3181 Luebbert:
739 3144 820 3182 Der
847 3144 1087 3189 Conjunctiv
1114 3145 1286 3181 Persei-,ti
1324 3146 1407 3180 und
1439 3145 1510 3179 das
1538 3144 1622 3179 Fut.
1653 3150 1840 3179 exactum
1867 3146 1919 3179 1111
1947 3146 2101 3179 alten-en
2128 3144 2283 3187 Lamia,
2321 3145 2490 3180 Breslau
2516 3145 2625 3181 1867.

2315 3205 2339 3241 4
