2835 3439
95 166 126 190 ¹
124 212 384 271 &bium
431 228 650 272 cogamur,
692 213 810 258 velut
852 214 929 257 isti
974 210 1767 267 (Τ1111.939.Ρ6611ᾶο1.1175)-
1798 211 1885 255 isse
1929 210 2067 265 (Trin.
2112 209 2321 266 944).-
2349 207 2452 258 susti
2482 244 2486 247 -
2589 244 2621 266 .,,

180 275 546 343 glor.106‘1).—
574 286 776 330 audistin
808 284 915 338 (Mil.
937 284 1045 340 glor.
1066 284 1212 338 1308).
1246 309 1303 315 —-
1335 285 1536 328 audisses
1558 282 1694 336 (Trin.
1716 282 1862 336 1086).
1880 307 1937 314 -—
1960 284 2218 341 dispertisse
2250 283 2356 339 (Mil
2374 284 2482 341 glor.
2492 275 2604 337 728)

181 357 351 406 similia.
413 358 524 403 Nam
556 371 652 402 cum
683 356 790 401 satis
820 356 979 400 multae
1011 354 1126 413 apud
1150 356 1345 400 Plautum
1378 355 1600 399 verborum
1629 354 1790 398 formae
1822 360 2047 399 occurrant
2067 369 2145 413 per
2166 369 2384 413 syncopen
2414 355 2557 400 factae
2569 356 2602 409 ¹)

185 434 233 474 ut
263 434 370 487 puta
392 430 611 473 instruxti
633 428 738 481 (Mil.
760 427 868 483 glor.
891 428 1012 481 976).
1045 453 1102 457 —
1135 429 1255 471 dioeti
1277 428 1411 480 (Trin.
1434 427 1535 469 556.
1558 427 1659 469 567.
1683 427 1782 469 602.
1807 426 1927 477 655).
1958 450 2016 456 -
2048 428 2232 471 occlusti
2253 427 2389 481 (Trin.
2411 427 2527 480 188).
2544 450 2604 458 -

186 502 380 559 despeaee
412 500 517 554 (Mil.
550 499 656 555 glor.
695 498 814 552 552).
847 522 904 528 —
938 500 1132 542 admisse
1166 498 1270 552 (Mil.
1303 498 1410 553 glor.
1447 498 1588 549 1282).
1622 521 1678 526 -
1711 498 1899 540 detraaee
1944 496 2080 550 (Trin.
2116 498 2232 553 743),
2265 498 2408 541 malim
2451 502 2604 555 putare

184 572 265 616 has
296 572 455 615 formas
485 570 708 613 Plautinas
739 571 801 613 ita
833 570 1013 613 effectas
1045 583 1151 618 esse,
1191 574 1236 611 ut
1269 570 1406 612 eiecta
1437 569 1575 611 vocali
1609 570 1736 611 etiam
1771 568 1914 611 littera
1946 569 2111 624 spirans
2142 584 2181 623 v,
2227 570 2346 613 cuius
2375 569 2451 612 illa
2481 582 2601 626 prae-

183 643 337 687 sidium
371 641 586 698 quoddam
620 642 773 696 fuerat,
806 642 975 685 litterae
1008 642 1220 684 sibilantis
1252 641 1400 696 vigore
1438 641 1749 683 absorberetur.
2174 629 2176 632 ¹

326 715 564 758 Verborum
609 714 652 756 in
684 713 882 757 Perfecto
924 713 1265 769 coniugationcm
1311 713 1354 755 in
1388 728 1409 755 e
1441 712 1705 766 sequentium
1738 711 1934 767 exempla
1966 712 2049 755 tria
2092 717 2206 755 sunt:
2249 713 2425 770 fleveris
2457 712 2603 766 (Pseu-

183 786 269 830 dol.
306 787 419 838 100).
452 810 510 816 -
543 786 766 844 opseveris
798 784 935 840 (Trin.
968 785 1055 829 530
1089 798 1234 829 versus
1266 785 1308 829 in
1341 783 1452 840 fine).
1475 808 1533 814 —-
1564 798 1818 829 succrevere
1850 783 1984 838 (Trin.
2021 784 2110 839 31).
2173 784 2353 830 Formae
2384 784 2603 832 breviatae

182 872 267 904 11011
298 861 482 904 exstant.

1351 1000 1450 1053 §2-

326 1108 394 1152 De
428 1107 613 1165 duplicis
644 1109 661 1151 i
693 1108 853 1150 vocalis
891 1108 933 1149 in
966 1108 1007 1149 3.
1042 1107 1162 1161 Sing.
1196 1107 1383 1150 Perfecti
1417 1107 1706 1150 contractione
1739 1107 2028 1163 copiosissime
2070 1108 2158 1163 egit
2189 1107 2603 1161 Lachmannusss).

184 1178 309 1233 Quod
341 1183 484 1223 autem
517 1178 622 1222 dicit
656 1179 886 1222 contractis
917 1179 1063 1221 formis
1086 1176 1309 1223 Senecam
1344 1183 1505 1220 tantum
1538 1178 1663 1221 modo
1696 1183 1794 1221 ante
1820 1183 2101 1222 consonantes
2132 1179 2201 1223 vel
2231 1180 2275 1222 in
2316 1179 2434 1223 exitu
2465 1192 2606 1223 versu-

182 1266 254 1294 um
285 1265 407 1294 usum
440 1264 545 1304 esse,
580 1250 728 1306 optimi
753 1249 914 1293 codicis
946 1250 1201 1292 auctoritate
1223 1249 1443 1302 refutatur,
1479 1250 1550 1303 qui
1584 1250 1734 1303 quibus
1765 1250 1869 1293 locis
1887 1250 2188 1293 Lachmaunus
2220 1250 2377 1293 formas
2408 1249 2607 1293 diductas

183 1322 401 1366 adhibitas
434 1336 525 1365 esse
558 1320 792 1375 contendit,
825 1322 1030 1377 praebeat
1063 1326 1324 1364 contractas:
1359 1321 1817 1363 Η61·6.1“111·.244.321.
1852 1321 1995 1364 Troad
2015 1322 2113 1364 806.
2167 1321 2308 1372 Quare
2335 1322 2494 1378 optimo
2515 1322 2605 1364 iure

184 1394 275 1438 Leo
307 1394 525 1437 breviatas
548 1393 703 1436 formas
725 1393 809 1436 illis
830 1394 1023 1436 versibus
1045 1393 1233 1436 inseruit.
1287 1392 1582 1435 Bernardus
1614 1392 1889 1445 Schmidtss)
1923 1398 2064 1436 autem
2084 1393 2405 1436 Lachmannum
2437 1396 2606 1436 secutus

184 1465 290 1509 miro
323 1464 447 1508 modo
481 1480 506 1507 a
539 1478 583 1507 se
617 1464 814 1518 discedit,
850 1478 943 1507 cum
977 1464 1068 1507 eius
1099 1464 1174 1517 rei,
1208 1479 1333 1519 (1116111
1368 1469 1549 1506 excunte
1582 1479 1681 1520 pag.
1706 1465 1732 1505 9
1755 1479 1858 1507 sana
1891 1463 2054 1507 ratione
2085 1464 2362 1521 comprobare
2383 1463 2604 1518 studuerit,

183 1537 310 1592 paulo
343 1535 452 1579 infra
500 1536 697 1592 exempla
743 1537 885 1579 omnia
919 1535 1041 1578 tollit.
1107 1535 1384 1588 Hoc-hius&
1418 1541 1559 1577 61116111
1605 1548 1655 1578 60
1689 1541 1853 1591 peccat,
1898 1534 2012 1590 quod
2057 1540 2205 1578 contra
2245 1534 2407 1579 codicis
2438 1534 2605 1578 Etrusci

183 1608 483 1650 auctoritatem
517 1607 753 1649 deteriores
785 1612 956 1649 secutus
989 1607 1148 1648 formas
1180 1605 1379 1648 diductas
1412 1605 1645 1648 servandas
1677 1619 1769 1648 esse
1802 1613 1935 1662 putat.

325 1677 538 1733 Equidem
571 1678 615 1720 in
650 1677 732 1720 hac
763 1691 808 1720 re
841 1676 1188 1733 distinguendum
1222 1690 1314 1719 esse
1347 1681 1463 1719 ratus
1495 1690 1676 1731 quonam
1711 1690 1855 1719 versus
1887 1677 1980 1719 loco
2019 1677 2181 1720 formae
2213 1682 2256 1719 et
2289 1681 2532 1720 contractae
2563 1680 2607 1719 et

183 1749 387 1792 diductae
419 1754 689 1806 usurpentur,
723 1761 867 1791 earum
900 1762 1019 1790 usum
1053 1749 1329 1790 Annaeanum
1362 1747 1473 1790 hunc
1505 1748 1547 1790 in
1581 1747 1750 1789 modum
1782 1748 2005 1790 inlustrare
2036 1761 2162 1805 posse
2194 1747 2297 1790 mihi
2329 1747 2496 1790 videor:

327 1822 378 1863 A.
427 1822 482 1863 In
514 1834 693 1863 versus
724 1821 875 1862 initio
908 1820 962 1862 de
996 1820 1061 1862 his
1094 1820 1240 1862 formis
1273 1825 1389 1861 certa
1422 1820 1490 1861 lex
1524 1820 1652 1861 statui
1685 1825 1839 1875 potest,
1886 1820 1920 1863 si
1954 1821 2114 1876 optimo
2160 1819 2298 1863 codici
2331 1820 2417 1862 ulla
2447 1818 2491 1861 in
2522 1819 2605 1862 hac

183 1905 229 1934 re
260 1891 367 1934 fides
399 1897 478 1934 est.
543 1890 815 1933 Adhibentur
846 1892 956 1932 enim

401 1965 437 2004 1.
503 1963 664 2004 formae
698 1962 975 2004 contractae
1010 1963 1146 2004 vocali
1180 1963 1427 2015 insequente
1462 1962 1527 2002 vel
1561 1951 1623 2002 hs

599 2034 653 2076 cf.
687 2034 812 2075 Herc.
846 2034 927 2074 fur.
961 2034 1068 2074 244:
1102 2034 1217 2088 petit
1249 2034 1303 2074 ab
1336 2033 1440 2088 ipsis
1473 2032 1655 2073 nubibus
1687 2033 2008 2087 Stymphalidas

686 2103 846 2146 Troad.
881 2104 988 2146 806:
1021 2103 1139 2145 redit
1172 2103 1373 2145 Achilles.
1407 2116 1525 2145 sume
1558 2116 1669 2145 1111116
1701 2102 1852 2145 iterum
1885 2117 2028 2146 comas

685 2176 812 2219 Herc.
846 2175 924 2217 fur.
959 2176 1068 2217 321:
1102 2174 1200 2218 adit
1233 2175 1413 2218 harenas
1445 2174 1596 2229 bisque
1628 2173 1853 2217 discedens
1884 2174 2051 2218 fretum.

327 2260 376 2302 In
409 2259 490 2303 hoc
521 2260 633 2302 enim
667 2274 768 2303 casu
801 2259 845 2302 id
881 2259 1185 2303 contractionis
1217 2273 1351 2314 genus
1382 2258 1487 2301 nihil
1520 2258 1765 2301 offensionis
1796 2258 1967 2313 habere,
2001 2273 2084 2313 quo
2116 2259 2285 2302 sublata
2316 2259 2428 2301 omni
2460 2259 2605 2303 obscu-

185 2332 311 2374 ritate
343 2332 438 2388 ipsa
469 2330 782 2374 terminationis
813 2330 1037 2388 productio
1071 2331 1192 2386 quasi
1224 2331 1266 2372 in
1298 2344 1422 2373 aures
1454 2330 1716 2386 impingatur
1753 2329 1843 2386 ipse
1876 2330 2139 2374 Schmidtius
2171 2331 2197 2374 l.
2232 2345 2268 2374 6.
2301 2335 2417 2374 recte
2449 2335 2603 2374 monet.

400 2403 442 2445 2.
507 2402 668 2446 formae
701 2402 925 2446 diductae
959 2403 1243 2457 subsequente
1276 2406 1549 2445 consonante.

687 2474 870 2517 Phaedr.
904 2475 1013 2516 221:
1047 2473 1172 2517 adiit
1203 2474 1396 2516 silentem
1430 2477 1554 2515 nocte
1588 2478 1795 2529 perpetua
1826 2473 1995 2516 domum

328 2545 420 2597 Quo
458 2545 553 2587 loco
587 2544 907 2601 perspicuitatis
947 2559 1076 2587 causa
1120 2545 1308 2601 pleniore
1342 2544 1549 2587 Senecam
1595 2545 1729 2586 forma
1773 2558 1890 2587 usum
1924 2558 2016 2588 esse
2049 2545 2276 2588 verisimile
2308 2544 2355 2587 fit
2386 2544 2451 2599 iis,
2496 2558 2605 2600 quae

184 2617 296 2660 infra
328 2621 541 2660 secuntur.

327 2689 376 2730 B.
441 2687 612 2731 Medio
645 2689 691 2730 in
726 2702 874 2731 versu
907 2689 1034 2730 1111101
1068 2688 1191 2730 huius
1223 2688 1391 2742 generis
1423 2687 1622 2729 Perfecta
1661 2692 1823 2729 tantum
1867 2688 1992 2731 modo
2025 2693 2125 2731 ante
2158 2692 2458 2731 consonantem
2491 2689 2605 2731 inve-

331 2855 366 2899 1)
393 2855 439 2890 In
468 2865 590 2890 versu
617 2855 693 2889 Mil.
720 2856 820 2901 glor.
846 2855 917 2889 456
944 2855 1241 2889 commendavit
1267 2854 1514 2889 Ribbeckius
1552 2855 1592 2888 in
1630 2854 1761 2888 annal.
1806 2854 1939 2899 philol.
1968 2854 2059 2889 1862
2085 2864 2121 2899 p.
2136 2853 2206 2889 372
2232 2854 2401 2888 formam
2430 2851 2603 2899 „fecsti“,

185 2924 307 2959 quam
334 2913 561 2949 Bentleium
588 2924 749 2959 quoque
776 2914 948 2959 margini
977 2913 1238 2958 adscripsisse
1273 2923 1403 2958 nuper
1443 2916 1692 2958 compertum
1720 2916 1788 2947 est.
1852 2912 1929 2948 Sed
1969 2913 2035 2947 illa
2075 2913 2204 2948 forma
2244 2911 2459 2958 analogiae
2484 2912 2604 2958 plane

184 2978 392 3020 repugnat
418 2978 459 3009 et
485 2974 526 3008 in
552 2974 663 3008 libris
690 2975 895 3009 invenitur
925 2972 1044 3018 „feei“
1074 2977 1145 3008 aut
1173 2973 1359 3017 „fecisti“.

327 3032 364 3074 2)
391 3032 660 3070 Commentar.
687 3033 726 3068 in
754 3032 932 3068 Lucretii
960 3031 1051 3068 Cari
1079 3031 1129 3068 de
1155 3042 1289 3067 rerum
1316 3035 1463 3068 natura
1488 3032 1621 3076 libros,
1650 3023 1956 3077 Β6ι·011111’1850,
1984 3043 2019 3078 p.
2039 3031 2120 3067 208.

329 3094 365 3135 3)
391 3092 453 3127 Ι)6
483 3093 829 3127 emendandarum
845 3091 1024 3127 Senecae
1038 3092 1342 3137 tragoediarum
1360 3093 1584 3126 rationibus
1599 3092 1846 3137 prosodiae-is
1861 3095 1900 3127 et
1915 3092 2100 3126 metricis.
2128 3091 2293 3125 Dissert.
2311 3091 2481 3126 Berolin.
2500 3091 2600 3127 1860.

328 3152 365 3194 4)
392 3151 468 3188 Die
494 3151 621 3187 Metra
649 3152 720 3187 des
746 3151 967 3197 Tragikers
991 3149 1157 3195 Seneca,
1183 3150 1299 3186 Halle
1326 3151 1427 3186 1862.
