2835 3439
295 244 409 294 W
438 231 529 286 veri
560 228 767 280 dissimile
795 231 843 278 fit
874 245 940 289 eo,
971 228 1086 290 qnod
1117 230 1296 290 primum
1343 232 1533 288 integras
1564 229 1882 276 terminationes
1913 229 2093 275 totidem
2125 229 2317 288 praebet,
2362 229 2477 286 qnod
2506 234 2592 276 tra·

184 303 443 370 μῶυ-πω
472 304 767 367 antiquissima
787 304 1080 363 Agamemnon
1112 302 1190 362 (3),
1221 302 1377 350 deinde
1408 302 1520 360 quod
1553 304 1596 350 in
1614 303 1796 350 Hercule
1827 303 1994 350 furente
2029 303 2208 359 integris
2238 302 2385 348 formis
2415 301 2593 361 plurimo

191 379 376 424 omnium
403 377 724 436 tragoediarum
755 376 1014 421 antecedunt
1044 376 1287 422 deminutae
1321 376 1364 420 in
1395 375 1601 421 diverbio.

333 452 375 504 e)
406 450 602 507 Denique
622 462 716 495 eam
747 449 1026 507 tragoediam,
1059 449 1127 494 eui
1149 447 1333 494 Octavia
1362 459 1515 493 nomen
1547 451 1625 504 est,
1657 460 1710 493 ne
1741 448 1943 493 sermonis
1974 445 2146 505 quidem
2176 461 2255 493 usu
2286 460 2411 504 posse
2441 445 2593 493 a‘Cor-

191 522 380 566 dubense
411 523 617 580 originem
657 522 889 580 accepisse.
952 521 1062 566 Nam
1095 533 1188 565 cum
1220 519 1537 578 tragoediarum
1582 519 1781 575 omnium,
1826 534 1933 578 quae
1965 521 2158 566 Senecae
2200 518 2388 565 auctoris
2426 518 2594 565 nomine

192 599 367 639 ornatae
392 599 509 651 sunt,
541 595 698 638 formas
729 594 931 639 exhibeat
969 594 1193 650 plerasque
1224 593 1414 649 integras
1445 593 1522 648 (7),
1565 593 1703 650 prima
1733 593 1822 637 eius
1854 607 2027 650 operum
2060 592 2209 637 fuisset
2252 584 2434 636 necesse'
2456 595 2593 636 esset:

189 666 304 723 quod
335 680 508 725 prorsus
538 666 768 710 absurdum
800 670 877 710 est.
939 665 1135 720 Accedit,
1168 664 1282 721 quod
1315 664 1463 709 eadem
1496 662 1720 721 tragoedia
1764 665 1888 710 etiam
1921 666 1963 710 in
1995 664 2170 721 reliquis
2202 664 2340 719 rebus,
2385 676 2492 720 quas
2522 662 2594 708 ob·

190 751 385 783 servasse
416 738 519 782 mihi
549 737 710 790 videor,
743 738 797 781 ab
829 750 906 780 usu
937 737 1168 781 Annaeano
1200 750 1325 793 quam
1357 736 1540 781 maxime
1571 736 1799 794 discrepat.

333 810 512 853 Formae
544 809 886 853 deminutae
918 809 979 852 ita
1010 821 1086 865 per
1117 809 1308 853 Senecae
1340 807 1585 864 tragoedias
1616 808 1832 866 dispersae
1864 814 1971 863 sunt,
2004 815 2049 853 ut
2082 823 2225 853 earum
2251 808 2420 853 omnino
2452 808 2593 865 plures

190 886 415 925 occurrant
446 882 488 925 in
520 881 713 924 diverbio
746 893 871 936 quam
905 881 946 924 in
979 880 1158 923 canticis
1190 880 1404 932 (82:62):
1439 881 1558 924 cuius
1589 880 1649 924 rei
1682 881 1934 925 eontrarium
1968 882 2106 926 elucet
2134 895 2187 925 ex
2210 879 2447 937 Oedipode,
2480 880 2591 935 Aga-

189 966 422 1006 memnone,
455 953 657 1009 Thyeste,
692 952 885 994 Oetavia.
953 952 998 993 Si
1036 951 1282 1006 diligentius
1317 952 1618 1008 perlustramus
1650 964 1828 1007 quonam
1854 953 1894 995 in
1915 952 2025 1008 pede
2057 952 2286 1008 pleraeque
2312 951 2591 1004 inveniantur,

189 1024 368 1068 efficitur
400 1037 543 1066 earum
576 1028 741 1079 partem
772 1023 897 1077 longe
930 1023 1158 1064 maximam
1190 1023 1364 1079 reperiri
1397 1023 1438 1065 in
1472 1024 1606 1065 altero
1639 1023 1761 1079 pede,
1808 1024 1877 1077 qui
1910 1025 2038 1067 multo
2071 1024 2214 1080 plures
2245 1024 2435 1066 eontinet
2466 1036 2592 1078 quam

188 1094 409 1139 dimidium
442 1094 625 1137 omnium
659 1093 763 1146 (91).
813 1092 937 1144 Quod
960 1093 1152 1136 omnibus
1173 1092 1409 1148 tragoediis
1441 1094 1740 1150 comprobatur
1771 1101 1949 1151 excepto
1982 1095 2185 1152 Thyeste,
2219 1095 2291 1151 qui
2324 1095 2366 1138 in
2397 1108 2449 1138 eo
2481 1093 2591 1151 pede

188 1167 473 1211 breviatarum
506 1165 734 1209 formarum
767 1165 967 1208 minorem
1001 1169 1163 1221 partem
1197 1164 1382 1219 exhibet,
1427 1179 1552 1220 quam
1596 1166 1640 1210 in
1684 1172 1834 1221 quarto
1881 1167 1987 1223 pede
2021 1168 2196 1220 (7:15).
2260 1167 2485 1210 Proximus
2527 1172 2591 1210 est

187 1251 264 1298 pes
302 1243 490 1295 quartus,
536 1237 608 1293 qui
640 1236 810 1282 tertiam
842 1236 931 1281 fere
963 1242 1126 1293 partem
1170 1236 1354 1280 omnium
1398 1236 1625 1281 formarum
1670 1238 1975 1283 deminutarum
2020 1240 2317 1296 complectitur
2349 1240 2454 1293 (47).
2518 1239 2592 1283 Se·

188 1312 330 1368 quitur
361 1309 516 1356 deinde
549 1324 644 1354 enm
676 1309 810 1354 tribus
842 1307 987 1353 formis
1019 1307 1246 1353 deminutis
1283 1322 1358 1366 pes
1391 1310 1572 1364 quintus.
1636 1310 1896 1355 Postremum
1929 1312 2065 1355 locum
2110 1313 2275 1356 obtinet
2319 1326 2396 1369 pes
2427 1311 2589 1366 tertius,

187 1383 258 1440 qui
290 1383 458 1428 unicum
491 1381 728 1438 exemplum
760 1380 964 1438 praebeat
994 1381 1119 1425 Here.
1138 1379 1233 1425 Oet.
1251 1381 1321 1424 9ῑ).
1384 1382 1442 1425 At
1465 1396 1515 1426 eo
1538 1383 1579 1425 in
1603 1397 1725 1427 versu
1743 1398 1852 1426 nunc
1886 1400 1948 1427 me
1970 1385 2108 1428 fateor
2141 1384 2368 1427 irritationi
2400 1397 2590 1427 succum·

186 1456 287 1499 berc
319 1454 573 1498 emendandi
607 1455 647 1496 in
693 1453 869 1495 formam
902 1452 1109 1507 integram
1147 1452 1456 1508 „iritulerunt“‚
1503 1466 1594 1496 cum
1644 1453 1723 1497 hac
1769 1456 1998 1498 mutatione
2042 1469 2178 1510 neque
2210 1455 2487 1510 quaestioniS,
2535 1454 2588 1498 de

186 1541 271 1580 qua
302 1526 458 1581 agitur,
491 1538 653 1567 summa
687 1524 772 1566 ulla
802 1524 966 1565 ratione
1000 1528 1245 1565 coerceatur
1277 1536 1413 1577 neque
1446 1524 1610 1567 metrici
1650 1538 1749 1568 usus
1780 1535 1851 1569 aut
1885 1526 2107 1581 analogiae
2139 1526 2444 1584 postulatorum
2477 1526 2588 1569 iusto

185 1597 280 1654 plus
312 1597 488 1640 rationis
520 1595 713 1638 ducatur.
763 1593 855 1646 Quo
877 1595 1002 1637 unico
1037 1607 1157 1636 versu
1181 1594 1407 1638 emendato
1440 1608 1557 1638 usum
1581 1597 1854 1639 Annaeanum
1887 1598 1944 1640 ita
1968 1597 2253 1641 definiendum
2286 1610 2379 1642 esse
2411 1609 2585 1641 censeo:

186 1668 415 1712 deminutis
447 1667 560 1711 Perf.
593 1668 691 1709 Aet.
724 1667 765 1709 3.
797 1666 911 1708 Plur.
945 1665 1090 1708 formis
1130 1666 1174 1708 in
1205 1667 1396 1710 Senecae
1427 1667 1663 1723 tragoediis
1694 1668 1811 1712 locus
1850 1683 1931 1712 non
1964 1668 2212 1714 conceditur
2242 1669 2285 1713 in
2316 1667 2429 1727 pede
2459 1668 2585 1713 tertio

184 1745 284 1784 ante
315 1753 534 1783 caesuram
565 1737 923 1793 semiquinariam.

326 1808 609 1853 Adiciendum
642 1813 704 1850 est
740 1807 882 1860 etiam,
915 1806 1027 1860 quod
1060 1807 1100 1848 in
1133 1807 1269 1849 altero
1301 1807 1413 1862 pede
1445 1808 1751 1853 deminutarum
1784 1814 2120 1857 terminationum
2152 1827 2316 1858 summa
2345 1814 2585 1871 frequentia

184 1886 248 1925 est
280 1882 322 1925 in
355 1881 561 1934 diverbio,
606 1880 677 1922 ubi
710 1877 945 1933 quadruplo
978 1878 1064 1919 sere
1096 1878 1236 1932 plures
1267 1879 1539 1921 inveniuntur
1570 1895 1695 1934 quani
1729 1884 1769 1924 in
1803 1885 1989 1937 cantieiS,
2035 1887 2076 1926 in
2109 1891 2261 1940 quarto
2293 1886 2403 1943 pede
2435 1890 2583 1930 contra

183 1951 225 1996 in
258 1952 449 1997 canticis.
512 1949 635 2003 Quod
668 1948 784 1994 eadit
827 1949 869 1992 in
913 1962 1057 1992 omnes
1089 1948 1334 2003 tragoedias
1378 1951 1571 2007 exeeptis
1603 1952 1784 1996 Octavia
1827 1962 1868 1996 et
1900 1957 2139 2011 Oedipode:
2186 1971 2282 2000 nam
2326 1958 2369 2000 in
2401 1958 2584 2001 Octavia

182 2038 320 2080 aequa
352 2028 415 2067 est
447 2024 555 2066 ratio
587 2023 630 2065 in
663 2021 868 2065 ambobus
899 2020 1080 2076 pedibus
1112 2021 1245 2074 (2:23
1283 2022 1408 2076 121),
1454 2022 1644 2080 Oedipus
1675 2032 1814 2069 autem
1848 2027 1887 2069 in
1920 2028 2053 2070 altero
2097 2028 2207 2084 pede
2245 2029 2469 2085 plerasque
2500 2029 2583 2073 for·

181 2110 341 2140 marum
375 2095 682 2139 deminutiones
714 2092 888 2136 exhibet
925 2093 966 2134 in
1001 2093 1190 2136 canticis.

323 2166 372 2222 2)
405 2166 570 2210 Praes.
602 2164 736 2208 Pass.
771 2162 876 2206 [nd.
899 2162 940 2205 2.
965 2161 1095 2216 Sing.
1129 2176 1368 2219 perpaucae
1401 2164 1560 2209 formae
1592 2167 1858 2212 inveniuntur
1890 2170 2152 2214 deminutae:
2185 2187 2284 2215 rere
2305 2172 2458 2226 Agam.
2481 2172 2582 2215 250.

181 2238 366 2282 Phaedr.
399 2238 499 2281 895.
532 2262 589 2268 —
620 2236 853 2292 speculare
886 2233 1069 2277 Phaedr.
1102 2234 1202 2288 679,
1236 2235 1388 2289 quibus
1419 2236 1524 2280 locis
1569 2238 1707 2283 thesin
1740 2241 1860 2296 pedis
1891 2241 2065 2285 alterius
2097 2242 2250 2286 format
2282 2243 2431 2287 ultima
2462 2244 2582 2287 verbi

181 2311 366 2367 syllaba3
399 2307 663 2365 synaloepha
695 2311 835 2349 autem
868 2305 1120 2361 opprimitur
1151 2306 1303 2360 Agam.
1323 2308 1421 2350 250.
1470 2310 1562 2352 Nec
1583 2317 1685 2366 puto
1722 2312 1887 2355 silentio
1909 2313 2329 2368 praetermittendum
2362 2314 2447 2358 duo
2474 2314 2583 2358 haec

180 2395 290 2436 quae
311 2381 582 2423 inveniuntur
614 2378 808 2433 exempla
839 2389 931 2418 esse
954 2377 1174 2418 verborum
1207 2376 1508 2434 deponentium
1541 2382 1574 2423 I.
1598 2387 1639 2425 et
1664 2383 1717 2425 II.
1742 2383 2071 2440 Coniugationis.
2136 2385 2303 2430 Desunt
2333 2386 2466 2443 igitur
2492 2386 2583 2432 eius

179 2452 294 2496 modi
325 2452 485 2496 formae
517 2453 559 2495 in
591 2451 782 2494 canticis.

322 2524 379 2566 At
411 2524 568 2567 formas
599 2522 722 2565 huius
753 2533 960 2577 personae
993 2533 1119 2563 sanas
1151 2520 1392 2575 frequentes
1424 2524 1595 2568 codices
1627 2528 1847 2581 praebent:
1881 2530 1922 2579 a)
1956 2529 2002 2570 ln
2036 2528 2146 2585 pede
2177 2530 2313 2586 primo
2345 2531 2581 2574 tetrametri
2614 2552 2619 2557 ·

178 2596 463 2651 anapaestici:
497 2594 696 2651 quereris
718 2591 827 2635 Med.
852 2592 951 2634 813.
985 2615 1042 2621 —
1075 2591 1118 2642 b)
1150 2592 1198 2633 In
1228 2592 1338 2648 pede
1361 2595 1493 2637 altero
1515 2599 1669 2639 senarii
1693 2600 1870 2652 sexiens,
1904 2600 2032 2642 semel
2065 2601 2264 2644 carminis
2295 2602 2582 2659 anapaestici:

178 2668 357 2710 testaris
378 2665 560 2709 Phaedr.
577 2666 677 2708 577.
702 2689 757 2695 -
779 2663 957 2718 raperis
988 2662 1139 2716 Agam.
1159 2663 1259 2705 244.
1292 2691 1350 2695 —
1382 2667 1575 2709 hortaris
1598 2669 1748 2724 Oedip.
1767 2671 1866 2711 678.
1899 2671 1973 2725 -Ῐ
1989 2674 2215 2714 cunctaris
2236 2672 2387 2729 Oedip.
2404 2674 2506 2715 952.
2528 2698 2581 2703 -

177 2738 369 2781 minaris
399 2736 511 2792 Thy.
544 2737 615 2780 97.
647 2760 704 2766 -
737 2734 923 2777 moreris
955 2732 1115 2775 Phoen.
1152 2733 1220 2775 76.
1255 2758 1312 2765 —-
1345 2738 1483 2778 tueris
1514 2739 1664 2792 Agam.
1698 2741 1783 2781 354
1816 2742 1998 2791 (tetram.
2032 2744 2193 2798 anap.).
2226 2767 2281 2773 —
2316 2746 2357 2797 e)
2389 2745 2439 2786 In
2470 2744 2583 2801 pede

178 2808 303 2852 tertio
347 2808 502 2854 senarii
546 2812 644 2852 ante
688 2819 904 2849 caesuram
955 2802 1318 2858 semiquinariam:
1358 2807 1594 2862 fluctuaris
1638 2810 1793 2854 Troad.
1837 2812 1937 2855 657.
1983 2813 2135 2869 Agam.
2173 2815 2270 2858 109.
2318 2840 2373 2847 —
2416 2817 2585 2860 vereris

176 2880 335 2925 Phoen.
368 2881 470 2925 492.
515 2907 573 2911 -
615 2879 809 2923 moraris
852 2875 964 2920 Med.
997 2874 1097 2918 988.
1143 2875 1325 2919 Phaedr.
1359 2878 1458 2921 954.
1493 2906 1544 2910 —
1578 2884 1754 2937 raperis
1785 2883 1938 2940 Oedip.
1971 2886 2072 2928 631.
2105 2911 2163 2917 -
2195 2887 2390 2943 loqueris
2426 2889 2580 2942 Agam.

180 2952 276 2995 123,
311 2944 364 2982 ’-
397 2954 562 2996 iuberis
594 2951 705 3008 Thy.
740 2950 808 2993 75.
841 2974 898 2980 -
928 2947 1124 3004 sequeris
1156 2947 1282 2990 Herc.
1315 2948 1409 2992 Oct.
1446 2951 1529 2994 122
1561 2953 1618 3005 (v.
1652 2954 1896 3011 Aselepiad.
1929 2957 2059 3009 min.).
2123 2958 2247 3002 Licet
2273 2958 2404 3014 igitur
2434 2959 2581 3002 videre

176 3022 383 3066 Senecam
427 3037 478 3067 eo
523 3036 668 3067 versus
712 3022 820 3075 loeo,
866 3033 947 3076 quo
991 3024 1164 3076 propter
1208 3032 1425 3066 caesuram
1469 3024 1635 3081 syllaba
1680 3026 1887 3084 producta
1931 3029 1964 3071 si
1999 3044 2082 3072 non
2114 3031 2353 3087 postulatur
2387 3029 2581 3088 atfeerte

176 3093 457 3153 desideratur,
490 3095 636 3140 formis
680 3095 815 3141 solitis
846 3107 899 3139 ne
932 3097 1020 3136 tum
1053 3091 1224 3147 quidem
1256 3093 1523 3150 abstinuisse,
1569 3111 1662 3141 cum
1696 3098 1986 3155 distinguendi
2019 3106 2121 3146 nota
2151 3103 2359 3147 acerrima
2389 3104 2581 3161 sequitur

176 3165 352 3218 (Troad.
384 3167 484 3223 657,
520 3169 670 3224 Agam.
706 3168 802 3223 109,
835 3168 1017 3211 Phaedr.
1051 3167 1153 3217 954)
1186 3171 1259 3209 aut
1290 3167 1450 3211 formae
1482 3174 1703 3226 correptae
1735 3171 1945 3228 positione
1966 3173 2257 3231 producuntur
2284 3178 2365 3231 aut
2396 3172 2574 3233 produci
