2835 3439
1395 102 1449 161 18

210 231 337 288 Quod
368 247 466 287 cum
496 248 583 281 non
611 234 683 292 sit,
714 247 789 279 eur
818 234 1010 292 pleniore
1042 233 1180 279 forma
1222 234 1450 279 inscrenda
1494 247 1590 278 enm
1621 233 1796 290 reliquis
1831 232 1980 278 formis
2008 234 2187 291 integris
2218 233 2364 289 (Herc.
2394 224 2492 287 Oet.

210 303 366 349 Octav.
384 305 490 361 847)
506 305 806 362 adaequemus,
838 318 1013 348 neeesse
1035 310 1100 348 est
1121 306 1374 349 arbitremur
1397 306 1488 349 eius
1509 303 1625 348 modi
1647 303 1805 347 formas
1826 303 2074 348 decurtatae
2087 304 2278 349 Senecae
2295 304 2416 349 cordi
2437 299 2568 349 fuisse
2576 305 2643 360 ¹).
2668 313 2715 316 ’

353 376 399 430 3)
430 377 479 420 In
495 376 605 433 pede
619 381 769 431 quarto
790 377 1072 419 senariorum:
1094 390 1262 420 cessere
1276 376 1546 420 Phoen.634.
1561 376 1774 418 —vicere
1783 375 2005 417 Med.44l.
2023 400 2081 405 ——
2103 377 2225 419 luere
2236 375 2626 420 Phaedr.1166.—

204 447 422 503 placuere
454 447 565 503 Thy.
600 447 699 489 759.
731 469 790 477 —
821 461 1021 490 meruere
1054 447 1166 503 Thy.
1204 449 1332 490 1100.
1366 471 1421 477 -
1453 453 1650 489 stravere
1683 446 1809 487 Herc.
1833 445 1927 487 Oct.
1956 446 2028 488 58.
2060 470 2118 476 —
2146 448 2323 504 freyere
2354 446 2506 490 Octav.
2522 447 2624 489 464.

355 517 554 574 Septiens
584 516 715 572 igitur
746 517 788 558 in
820 517 999 559 senariis
1030 522 1258 560 occurrunt
1292 517 1372 560 hae
1404 517 1579 570 formae,
1628 516 1780 570 quibus
1811 516 1933 558 simul
1966 515 2147 558 efficitur
2179 530 2354 559 caesura
2385 516 2626 573 semisepte-

210 589 345 632 naria.
407 587 669 631 Terminatio
702 587 877 631 elisione
909 588 1162 645 opprimitur
1192 587 1353 632 Phoen.
1386 588 1488 643 634,
1521 600 1651 643 quare
1684 599 1829 630 versus
1860 586 1969 630 iusta
2003 599 2179 631 caesura
2211 593 2342 632 earet.

353 659 624 702 Canticorum
656 658 806 702 eodem
838 659 881 701 in
903 658 1037 715 pede:
1070 672 1237 702 cessere
1270 660 1427 703 Troad.
1454 661 1551 702 722.
1586 659 1711 702 Here.
1732 659 1831 701 Oet.
1858 659 1984 701 1936.
2017 683 2075 690 —
2104 673 2292 715 posuere
2323 658 2626 703 Med.370.—-

213 732 399 775 timuere
430 728 616 773 Phaedr.
648 730 750 773 341.
783 730 936 786 Agam.
970 730 1040 773 91.
1073 755 1131 761 ——
1162 745 1340 775 sensere
1384 731 1491 774 Oed.
1530 731 1625 773 159.
1658 755 1715 761 —
1747 731 1897 774 videre
1930 729 2082 787 Oedip.
2115 731 2216 774 444.
2250 731 2401 775 Octav.
2435 731 2535 775 310.
2568 756 2626 762 -

211 807 361 846 temere
393 801 547 859 Oedip.
583 801 680 845 753.
714 826 772 833 —
805 816 929 859 eqere
969 801 1122 858 Oedip.
1157 802 1257 845 754.
1290 828 1346 834 —
1381 808 1560 846 tenuere
1592 804 1744 857 Agam.
1783 802 1854 845 61.
1891 827 1939 833 —
1975 802 2118 845 vicere
2149 802 2301 858 Agam.
2335 803 2435 846 692.
2468 827 2526 834 —
2549 817 2626 859 pe-

211 873 328 916 riere
360 871 473 930 Thy.
498 872 598 916 813.
634 897 686 903 —-
718 873 893 930 fluoeere
926 872 1036 929 Thy.
1061 873 1161 915 947.
1197 898 1248 904 --
1277 879 1470 930 patuere
1493 874 1618 917 Herc.
1643 873 1738 917 Oet.
1761 873 1861 916 610.
1895 898 1949 904 ——-
1984 874 2159 916 tinoeere
2181 873 2308 917 Here.
2332 873 2426 917 Oet.
2446 873 2547 933 668.
2569 899 2626 904 —

209 958 366 987 ‘nevere
397 944 526 987 Herc.
559 943 654 986 Oet.
677 944 778 986 669.
812 968 869 974 —-
901 945 1074 987 coluere
1107 945 1233 986 Here.
1268 944 1364 987 Oet.
1393 946 1479 987 672
1513 947 1695 998 (tetram.
1728 946 1895 999 anap.):
1930 944 2234 986 duodeviciens
2264 945 2396 998 igitur
2426 945 2469 987 in
2501 949 2627 988 tetra-

209 1015 356 1058 metris
376 1014 665 1072 anapaesticis
686 1019 787 1057 ante
809 1027 1030 1057 caesuram
1053 1015 1462 1070 semiseptenariam.
1495 1040 1552 1045 —
1583 1016 1745 1057 siluere
1769 1014 1878 1056 Med.
1898 1015 1998 1056 627.
2022 1039 2079 1044 —
2101 1028 2301 1057 meruere
2324 1014 2436 1057 Med.
2454 1015 2554 1058 646.
2574 1039 2622 1044 ——

210 1091 390 1128 tenuere
420 1084 606 1128 Phaedr.
652 1086 754 1127 314.
786 1086 940 1141 Agani.
973 1086 1073 1128 622.
1120 1085 1231 1141 Thy.
1276 1086 1377 1128 563.
1412 1111 1470 1116 —
1496 1090 1687 1142 patuere
1722 1084 1872 1141 Oedip.
1909 1086 2005 1126 130.
2040 1085 2152 1140 Thy.
2185 1086 2285 1127 592.
2318 1109 2374 1115 ——
2412 1087 2627 1141 placuere

214 1156 368 1213 Oedip.
400 1157 503 1199 422.
552 1182 605 1187 —
643 1158 816 1212 petiere
861 1156 1013 1212 Oedip.
1059 1158 1160 1198 480.
1205 1157 1306 1199 486.
1352 1182 1410 1187 —
1454 1172 1630 1200 secuere
1678 1156 1829 1212 oedip.
1875 1158 1976 1198 493.
2008 1181 2067 1186 ——
2108 1170 2295 1199 sonuere
2340 1158 2492 1211 Agam.
2525 1158 2626 1199 634.

209 1227 323 1284 Thy.
346 1228 447 1270 554.
481 1253 538 1259 -
572 1242 783 1284 crepuere
816 1228 927 1283 Thy.
946 1228 1045 1270 562.
1080 1253 1133 1257 —
1170 1230 1364 1270 cecidere
1398 1229 1510 1283 Thy.
1531 1229 1631 1270 573.
1654 1229 1753 1270 588.
1778 1233 2057 1270 —tumuere
2089 1227 2199 1281 Thy.
2219 1228 2318 1270 577.
2351 1252 2409 1257 —
2442 1229 2627 1270 timuere

213 1297 327 1354 Thy.
360 1298 462 1341 580.
494 1298 597 1341 595.
629 1323 687 1329 —-
720 1304 939 1342 tremuere
979 1298 1091 1354 Thy.
1124 1299 1223 1340 600.
1272 1299 1398 1341 Here.
1433 1299 1529 1342 Oet.
1578 1299 1702 1340 1600.
1737 1323 1792 1327 -—
1818 1312 2011 1353 posuere
2056 1297 2167 1352 Thy.
2201 1298 2301 1339 601.
2336 1300 2500 1345 (versus
2531 1303 2628 1341 sunt

210 1369 418 1425 Sapphiei
451 1369 672 1422 minores):
719 1369 786 1412 bis
817 1374 860 1411 et
892 1369 1055 1411 viciens
1101 1370 1230 1423 igitur
1261 1370 1303 1410 in
1349 1382 1472 1411 versu
1506 1369 1724 1423 Sapphico
1757 1369 1929 1422 minore,
1975 1369 2036 1410 ita
2074 1373 2120 1409 ut
2152 1368 2289 1410 thesin
2332 1367 2455 1422 pedis
2488 1369 2627 1421 quarti

210 1439 359 1481 ultima
389 1439 509 1482 verbi
541 1440 710 1496 syllaba
741 1440 1061 1496 complectatur.
1124 1439 1359 1495 Oedipodis
1390 1440 1432 1480 in
1464 1452 1588 1481 versu
1621 1440 1707 1481 486
1740 1438 1858 1481 verbi
1891 1439 2133 1481 terminatio
2166 1438 2348 1481 eliditur.

353 1513 400 1565 4)
433 1513 483 1553 In
514 1511 626 1567 pede
657 1513 804 1565 quinto
836 1525 963 1553 unum
995 1512 1235 1566 exemplum
1268 1512 1480 1553 invenitur
1512 1512 1553 1552 in
1594 1524 1716 1553 versu
1750 1511 1940 1553 heroico:
1974 1525 2147 1552 sensere
2181 1510 2333 1564 Oedip.
2367 1511 2468 1552 471.
2532 1512 2627 1552 Duo

214 1586 387 1627 exstant
419 1583 460 1626 in
494 1582 710 1637 trimetris,
743 1582 804 1626 ita
837 1587 883 1625 ut
914 1582 1062 1625 ultima
1095 1582 1212 1626 verbi
1245 1582 1413 1638 syllaba-
1445 1581 1711 1638 synaloepha
1742 1581 2037 1625 absorbeatur:

713 1653 842 1697 Herc.
875 1653 955 1696 fur.
990 1653 1076 1696 956
1109 1653 1276 1697 inferna
1307 1659 1472 1697 nostros
1504 1668 1636 1709 regna
1668 1668 1836 1697 sensere
1868 1653 2050 1709 impetus

713 1725 840 1769 Here.
874 1725 968 1768 Oet.
1007 1724 1116 1768 1007
1150 1725 1289 1769 iamne
1322 1726 1566 1777 inferorum,
1600 1725 1707 1779 (lira,
1740 1724 1887 1768 sedere
1919 1725 2079 1768 arbitri.
2292 1770 2294 1773 ,

354 1798 400 1852 5)
433 1797 635 1842 Ultimam
667 1809 815 1841 versus
858 1797 1068 1853 syllabam
1102 1797 1264 1840 obtinet
1298 1797 1541 1840 terminatio
1574 1797 1635 1839 ita
1666 1796 1884 1839 deminuta
1916 1796 2079 1840 duobus
2111 1795 2317 1840 Octaviae
2361 1796 2466 1840 loeis
2498 1797 2537 1840 in
2571 1801 2628 1840 te-

213 1871 430 1912 trametris
460 1869 748 1925 anapaesticis

713 1939 867 1983 OctaV.
901 1939 957 1982 28
991 1939 1141 1993 cuique
1176 1939 1368 1982 Britanni
1402 1940 1524 1994 terga
1557 1937 1713 1982 (ledere

778 2043 798 2065 „
874 2011 955 2053 777
990 2010 1294 2065 Phrygiaeque
1326 2011 1417 2052 solo
1450 2011 1582 2063 regna
1614 2009 1783 2062 (ledere,

214 2081 286 2125 ubi
318 2081 538 2125 breviores
570 2080 728 2123 formas
759 2079 977 2123 adhibitas
1009 2094 1102 2123 esse
1144 2081 1294 2122 mirum
1329 2085 1406 2134 cst,
1453 2081 1531 2122 etsi
1565 2080 1752 2123 eiusdem
1787 2079 2037 2135 tragoediae
2068 2094 2150 2122 uno
2183 2085 2346 2123 tantum
2377 2080 2503 2123 simili
2536 2080 2628 2124 loco

214 2153 386 2209 plenam
418 2152 598 2196 formam
631 2156 746 2195 certe
777 2152 942 2195 inveni:

713 2222 865 2266 Octav.
898 2223 981 2265 651
1018 2223 1195 2279 pectora
1227 2223 1378 2266 volnus
1409 2237 1504 2266 mea
1535 2223 1780 2266 senserunt.

357 2295 413 2338 ΙΙ.
448 2295 642 2338 Plenas
673 2294 830 2338 formas
861 2295 904 2337 in
940 2294 1140 2351 „-eruut“
1176 2300 1381 2339 exeuntes
1420 2294 1615 2337 adhibuit
1648 2295 1813 2338 Seneca
1846 2294 1963 2339 hisce
1995 2295 2119 2339 locis:
2152 2297 2194 2349 a)
2228 2294 2350 2352 pedis
2380 2295 2555 2339 alterius
2586 2297 2628 2338 in

214 2367 321 2412 arsi:
353 2372 587 2411 moverunt
619 2366 770 2411 Octav.
806 2367 891 2410 776
924 2368 1110 2420 (tetram.
1143 2369 1303 2424 anap.).
1337 2391 1394 2397 —-
1432 2368 1477 2422 b)
1510 2369 1552 2410 in
1585 2367 1694 2425 pede
1727 2368 1851 2411 tertio
1884 2373 1983 2411 ante
2016 2381 2233 2412 caesuram
2266 2368 2628 2424 semiquinariam:

213 2445 430 2482 steterunt
462 2439 616 2495 Oedip.
639 2440 739 2481 963.
772 2462 830 2468 —
859 2441 1048 2495 fuerunt
1080 2440 1233 2493 Agam.
1252 2440 1338 2481 876
1371 2445 1573 2494 sequente
1605 2441 1743 2481 vocali
1775 2441 1898 2482 metri
1935 2453 2076 2482 causa.
2109 2463 2168 2469 -—-
2200 2441 2480 2482 abstulerunt
2501 2440 2629 2482 Herc.

215 2509 311 2554 Oet.
355 2510 442 2553 956
485 2509 545 2564 (in
589 2509 674 2552 fine
715 2509 1092 2565 interrogationis).
1139 2534 1191 2540 —
1224 2513 1486 2554 restiterunt
1518 2510 1669 2554 Octav.
1704 2511 1787 2553 847
1833 2516 2037 2565 sequente
2081 2511 2224 2554 littera
2263 2515 2533 2554 consonante.
2574 2535 2627 2540 —

216 2583 257 2635 e)
289 2578 413 2638 pedis
456 2580 593 2636 quinti
637 2581 680 2622 in
725 2582 828 2623 arsi:
874 2587 1100 2624 cesserunt
1139 2582 1265 2624 Here.
1311 2582 1390 2624 fur.
1424 2582 1523 2624 955.
1557 2607 1613 2611 -
1646 2583 1899 2625 cecideruut
1931 2581 2088 2624 Troad.
2125 2582 2219 2625 175.
2255 2581 2407 2625 Octav.
2439 2582 2539 2625 632.
2572 2605 2630 2612 -—

216 2657 427 2695 texerunt
444 2653 598 2708 Agam.
617 2653 689 2693 41.
712 2675 769 2682 —
786 2653 995 2709 fecerunt
1017 2653 1172 2708 Agam.
1194 2654 1291 2695 171.
1314 2677 1373 2682 —
1394 2653 1624 2695 redieruut
1643 2652 1755 2708 Thy.
1773 2653 1873 2695 311.
1897 2676 1953 2682 —
1975 2654 2175 2696 vicerunt
2191 2653 2318 2696 Herc.
2335 2652 2432 2696 Oet.
2448 2653 2550 2696 575.
2571 2676 2631 2682 --

215 2728 450 2765 senserunt
481 2723 608 2765 Here.
644 2722 739 2764 Oet.
776 2724 901 2764 1164.
937 2746 990 2752 ——
1025 2724 1262 2765 voluerunt
1295 2724 1446 2766 Octav.
1465 2724 1565 2764 552.
1598 2747 1655 2752 ——
1681 2724 1966 2778 planxerunt
1999 2723 2150 2766 Octav.
2175 2724 2272 2765 746.
2314 2747 2355 2752 —
2395 2723 2440 2776 d)
2473 2724 2630 2767 Versus

216 2793 453 2836 tetrametri
493 2793 757 2850 anapaestiei
802 2792 844 2835 in
877 2793 1026 2835 ultima
1070 2793 1177 2836 arsi:
1230 2800 1464 2837 senserunt
1508 2794 1657 2837 Octav.
1692 2796 1792 2837 651.
1826 2819 1882 2825 —
1915 2796 2186 2851 eocpuleruut
2219 2795 2368 2838 Octav.
2402 2796 2504 2850 294,
2547 2794 2630 2838 nisi

217 2863 330 2908 forte
350 2865 587 2921 posteriore
618 2864 712 2907 loco
729 2864 1199 2920 Plusquamperfeetum
1232 2865 1503 2908 inserendum
1533 2871 1609 2919 est,
1643 2865 1756 2920 quod
1790 2880 1870 2920 ego
1903 2867 2058 2920 malim,
2092 2867 2171 2909 etsi
2193 2866 2441 2910 dissuadere
2463 2865 2631 2910 videtur

217 2933 333 2990 quod
364 2933 556 2990 sequitur
587 2934 828 2978 Perfectum
866 2935 968 2987 „ulti
1001 2934 1140 2979 sunt“.

362 3149 396 3194 1)
422 3145 564 3196 Neque
590 3153 727 3186 tamen
753 3146 1042 3187 dissimulanda
1070 3154 1127 3187 ost
1158 3149 1282 3187 nostri
1311 3148 1359 3188 do
1388 3162 1435 3187 eo
1464 3159 1585 3188 versu
1612 3149 1747 3188 iudicii
1775 3160 1940 3189 summa.
1993 3152 2041 3190 ef.
2068 3162 2105 3200 p.
2124 3150 2180 3190 21.
