2835 3439
493 262 857 320 (mpetrauere,
889 276 1237 320 expuynaseere,
1269 276 1640 307 averruncassere
1673 261 1767 306 sim.
1771 262 1797 316 ),
1832 261 1903 317 qni
1935 267 2033 307 suut
2062 276 2210 308 omnes
2239 254 2466 308 Iufiumvi
2485 255 2515 316 33
2656 305 2680 332 ἕ,
2706 308 2714 315 ,

403 331 550 391 fglor.
586 332 719 378 1123.
2512 333 2514 337 “
2561 327 2587 349 “’

938 429 1076 486 Cupio
1110 429 1265 474 hercle.

1271 499 1506 543 Palaestrio

1225 569 1364 615 Credo
1396 569 1521 614 facile
1554 573 1596 613 te
1628 569 1938 627 impeti-assere.

367 664 463 717 Qua
482 669 626 710 autem
648 665 813 709 ratione
835 664 1046 709 eiusmodi
1071 665 1233 709 formae
1255 665 1504 721 sigmaticae
1525 677 1551 706 a
1574 663 1691 706 verbi
1714 663 1858 706 radice
1880 663 2127 707 deriventur
2148 663 2276 709 docet
2296 664 2541 720 Madvigius
2557 664 2585 708 l.
2599 677 2635 708 c.
2693 675 2695 677 ’
2763 650 2766 656 ’
2787 648 2835 733 ’ἵ

223 749 268 794 p.
288 736 369 781 65:
404 736 483 794 „Iu
513 737 567 781 iis
599 737 754 791 verbis,
803 750 913 790 quae
946 742 1104 780 exeunt
1135 737 1178 779 in
1211 741 1508 779 consonantem
1542 734 1690 788 iisque,
1739 748 1849 789 quae
1888 740 1983 791 post
2015 741 2319 779 consonantem
2351 737 2393 778 in
2423 737 2639 793 praesenti

223 806 391 852 addunt
421 806 608 851 litteram
641 808 659 850 i
690 820 774 850 non
806 806 1056 861 radicalem,
1090 807 1286 861 futurum,
1320 812 1365 849 ut
1397 810 1724 849 consentaneum
1757 810 1834 861 cst,
1867 805 2003 849 simile
2035 811 2099 849 est
2131 806 2259 849 futuri
2281 807 2503 850 verborum
2532 796 2638 851 eius-

223 878 323 924 dem
352 880 525 936 generis
547 879 821 934 Graecorum,
855 884 903 922 ut
935 895 1025 923 aoeo
1058 878 1315 935 respondeat
1347 880 1399 933 ei,
1433 876 1543 933 quod
1576 882 1640 920 est
1672 877 1782 928 ἄξω;
1817 891 1868 919 ea
1899 882 2041 920 autem
2073 877 2218 933 verba,
2251 892 2359 934 quae
2387 878 2527 922 vocali
2558 884 2638 923 ter-

222 951 451 1005 minantur,
483 950 663 994 formam
695 955 930 1005 sequuntur
960 950 1184 993 verborum
1207 950 1480 1004 Graecorum,
1514 962 1621 1003 quae
1655 963 1760 1005 pura
1791 948 2001 1003 dicuntur,
2034 954 2079 991 ut
2112 950 2281 992 levasso
2313 950 2401 1005 fiat,
2439 950 2638 1005 quemad-

223 1021 395 1066 modum
425 1023 614 1074 γελάσω.
677 1023 789 1067 Nam
822 1022 936 1077 quod
968 1022 1125 1078 duplex
1158 1027 1223 1063 est
1253 1022 1441 1076 sibilans,
1490 1021 1557 1063 vel
1597 1021 1712 1077 apud
1745 1021 1933 1063 Graecos
1964 1022 2161 1076 antiquos
2192 1035 2340 1065 sonum
2372 1024 2481 1065 inter
2512 1036 2638 1066 unam

223 1100 268 1138 et
298 1094 516 1151 duplicem
546 1094 735 1137 litteram
767 1095 969 1147 variasse,
1003 1093 1189 1135 ostendit
1220 1094 1453 1148 geminatio
1485 1092 1599 1148 apud
1631 1094 1777 1148 epicos
1808 1093 1967 1135 usitata
1998 1094 2228 1143 ἐγέλασσα.
2282 1094 2515 1136 Verborum
2548 1095 2591 1136 iu
2621 1096 2639 1136 i

223 1165 470 1209 exeuntium
501 1165 644 1208 nullae
675 1164 942 1221 reperiuntur
973 1163 1212 1206 huiusmodi
1235 1164 1418 1216 forma03
1450 1165 1670 1206 verborum
1695 1165 1737 1205 in
1760 1178 1781 1206 e
1810 1163 2054 1206 cadentium
2077 1164 2301 1219 quaedam,
2333 1166 2475 1208 nullae
2496 1170 2638 1209 tamen

224 1249 370 1280 eorum
401 1236 642 1291 verborum,
675 1249 785 1290 quae
808 1250 830 1277 e
851 1248 978 1277 verae
1010 1233 1168 1276 radicis
1201 1240 1365 1289 partem
1398 1234 1556 1276 habent
1578 1235 1678 1290 (fleo
1700 1237 1842 1286 cett.);
1876 1239 2004 1287 atquc
2037 1248 2114 1276 cae
2136 1236 2304 1290 partim,
2337 1240 2384 1277 ut
2405 1236 2638 1291 perfectum

225 1305 458 1351 eorundem
489 1306 730 1361 verborum,
762 1306 1018 1362 impurorum
1051 1305 1275 1347 verborum
1308 1311 1541 1358 sequuntur
1572 1305 1793 1358 rationem,
1827 1310 1871 1346 ut
1903 1306 2038 1359 iusso,
2082 1306 2252 1361 partim,
2300 1306 2371 1348 ubi
2403 1306 2638 1361 perfectum

226 1378 271 1422 in
302 1378 353 1423 αἱ
383 1377 487 1434 exit,
517 1390 731 1435 purorum,
763 1381 809 1420 ut
839 1374 1075 1421 habessit“.

368 1448 540 1495 Talium
570 1452 714 1493 autem
745 1447 975 1493 formarum
1009 1461 1032 1492 e
1064 1448 1098 1491 P
1118 1448 1207 1492 auti
1241 1447 1329 1492 Mil.
1353 1447 1476 1504 glor„
1510 1446 1708 1493 Pseudol.
1731 1446 1849 1492 Trin.
1873 1446 2069 1504 exempla
2091 1447 2249 1493 contuli
2272 1446 2401 1494 haec:
2437 1447 2478 1505 1)
2501 1463 2525 1493 e
2548 1448 2639 1493 Tri-

223 1532 415 1566 nummo:
447 1520 536 1565 384
565 1520 823 1566 servaasint.
855 1542 914 1550 —
945 1519 1029 1563 627
1065 1520 1337 1564 occultassis.
1370 1544 1428 1550 —
1462 1520 1546 1564 722
1579 1520 1786 1564 conieoeit.
1819 1544 1875 1550 —
1915 1520 1997 1564 221
2030 1520 2195 1577 faoeim.
2244 1545 2301 1551 ——
2345 1520 2416 1565 63.
2448 1519 2519 1565 64.
2553 1519 2639 1565 882

221 1594 354 1651 faxo.
414 1593 461 1646 2)
492 1604 547 1635 ex
578 1591 666 1635 Mil.
699 1591 805 1647 glor.
834 1592 916 1634 163
947 1591 1233 1634 mulcassitt's.
1268 1615 1324 1621 —
1357 1592 1443 1634 668
1476 1592 1681 1647 optassis.
1713 1615 1771 1620 —
1802 1591 1888 1633 903
1911 1591 2237 1635 adsimulasais.
2269 1614 2328 1623 —
2362 1592 2476 1635 1002
2497 1606 2640 1636 amas-

223 1665 302 1709 sia.
332 1688 386 1696 -
425 1663 540 1707 1123
570 1664 899 1720 impetrassem.
933 1686 990 1693 —
1026 1664 1075 1705 11
1112 1663 1271 1706 ausim.
1304 1686 1362 1692 —
1395 1663 1482 1706 283
1514 1663 1648 1706 (limis.
1683 1687 1740 1692 -—
1771 1663 1858 1705 316
1891 1664 2088 1719 empsim.
2122 1688 2180 1693 —
2210 1663 2297 1706 333
2328 1664 2562 1721 surrepsit.
2581 1688 2629 1695 —

224 1737 326 1780 464.
362 1735 477 1779 1363
504 1736 637 1793 faxo.
674 1759 733 1765 —
764 1735 1030 1794 6231120.
1067 1735 1192 1776 1239.
1228 1735 1357 1776 1368.
1395 1735 1508 1776 1414
1535 1735 1679 1790 famis.
1727 1759 1778 1762 —
1826 1735 1911 1776 842
1937 1735 2181 1791 prompsi-3.
2256 1735 2301 1788 3)
2346 1748 2369 1777 e
2401 1735 2637 1778 Pseudolo:

224 1808 281 1851 37
313 1808 572 1851 amassint.
605 1830 664 1837 —-
694 1806 783 1849 232
815 1794 1026 1850 curassis.
1063 1829 1116 1835 —
1149 1806 1272 1848 9391)
1305 1807 1569 1848 accurassz's.
1602 1830 1659 1834 —
1695 1807 1748 1847 14
1774 1806 2055 1862 prohibessit.
2091 1830 2144 1837 -—
2180 1806 2235 1849 79
2259 1808 2430 1863 parsis.
2462 1831 2521 1837 —
2552 1807 2639 1851 315

221 1880 396 1937 saeviat.
428 1903 486 1910 —
522 1879 636 1921 1022
667 1879 825 1934 capait.
859 1901 917 1907 —
948 1879 1020 1920 40.
1053 1878 1155 1920 387.
1187 1878 1287 1919 393.
1324 1878 1423 1920 766.
1457 1878 1556 1918 949.
1595 1878 1720 1919 1039.
1758 1878 1884 1919 1043.
1921 1878 2034 1919 1328
2062 1878 2194 1935 faxo.
2226 1902 2284 1909 —
2315 1878 2402 1921 533
2421 1880 2638 1936 famis.—

224 1950 314 1995 923
341 1951 483 2009 faaeit.

368 2021 490 2073 Quae
522 2020 634 2064 hunc
665 2021 708 2063 in
739 2019 910 2063 modum
943 2034 1020 2076 per
1050 2019 1242 2075 singulas
1274 2019 1518 2063 comoedias
1550 2025 1592 2062 et
1626 2019 1947 2074 coniugationes
1979 2020 2206 2064 distributa
2237 2023 2396 2076 sunt²):

1606 2222 1913 2270 coniugationis

757 2256 879 2294 Tituli
1068 2256 1237 2293 Formae

692 2448 952 2485 Trinummus
1001 2436 1014 2543 Η
1110 2449 1131 2485 7
1170 2451 1215 2491 (4)

692 2531 770 2569 Mil.
795 2533 959 2579 glorios.
1001 2544 1012 2607 μ
1088 2530 1133 2569 17
1160 2533 1225 2578 (ιι)
1407 2533 1430 2569 5
1635 2535 1654 2570 1
1814 2534 1855 2570 11
1884 2535 1929 2577 (5)
2074 2555 2117 2560 —

644 2676 650 2678 A
691 2616 968 2679 Famae
977 2598 1083 2689 [Ι-
1096 2618 1140 2653 1⁷
1135 2618 1242 2679 <2
1257 2517 1310 2680 Η
1371 2618 1448 2679 3
1494 2678 1497 2679 f
1636 2621 1652 2654 1
1689 2678 1716 2681 Α,
1814 2621 1859 2655 13
1884 2622 1929 2662 (3)
1992 2639 2202 2682 „2-

774 2702 939 2739 Summa
1000 2703 1011 2759 Η
1059 2676 1134 2738 41
1156 2703 1218 2745 (22)
1258 2680 1309 2760 ss
1390 2686 1513 2738 ⁷10⁴&
1603 2687 1656 2738 2
1672 2689 1677 2690 ⁷
1695 2680 1698 2681 ⁷
1717 2679 1740 2691 ἢ
1777 2679 1975 2748 rem—Im:
1991 2685 2203 2729 *T*

371 2945 408 2988 1)
698 2939 819 2992 Vei-g.
845 2942 945 2983 Aen.
971 2940 1059 2992 XII,
1084 2943 1173 2984 3162
1198 2956 1262 2984 me
1288 2943 1405 2984 sinite
1431 2948 1554 2994 atque
1581 2943 1739 2984 aufer-'tc
1765 2949 1906 2984 metus.
1946 2952 2024 2995 'ego
2051 2941 2219 2984 foedera
2240 2939 2345 2993 faxo

1196 3008 1310 3044 firma
1336 3017 1470 3044 manu.

331 3071 335 3074 ·
369 3063 407 3109 2)
432 3063 597 3101 Numeri
623 3067 797 3101 maiores
823 3067 1003 3102 indicant
1041 3073 1139 3113 quot
1179 3069 1341 3103 omnino
1379 3069 1615 3114 sigmaticao
1655 3070 1807 3103 for-nme
1847 3066 2118 3112 inveniantur,
2160 3065 2334 3103 minores
2373 3063 2643 3112 cancellisque

226 3123 371 3162 inclusi
395 3134 609 3162 numerum
636 3126 866 3171 verborum,
894 3126 944 3162 (le
970 3128 1118 3172 quibus
1145 3128 1234 3163 illue
1260 3132 1446 3173 sumptae
1472 3133 1576 3163 suut.
