2835 3439
1390 53 1496 138 er

445 264 454 269 ,,
598 196 754 282 ,igitur
780 224 936 271 fabulis
966 221 1220 282 sigmaticae
1250 224 1412 270 formae
1444 225 1701 282 colliguntur
1730 225 1782 269 41
1809 226 1970 283 petitae
1991 240 2019 270 a
2040 225 2183 270 verbis
2201 222 2371 269 dnobus
2387 228 2436 268 et
2456 216 2629 281 vigi-tt

405 343 408 345 Α
432 277 543 342 t'res
553 297 644 341 fere
673 301 819 354 partes
848 302 946 342 sunt
977 298 1130 342 tertiae
1162 298 1475 353 coniugationis
1508 298 1615 352 (29),
1663 299 1824 354 primae
1855 303 1919 341 est
1951 303 2103 354 quarta
2133 311 2248 354 pars.
2311 296 2371 340 At
2399 295 2623 340 verborum

333 367 430 416 ,δεῖ
458 381 656 413 numerus
679 370 772 422 (10)
819 369 862 412 ἰιι
898 373 1076 424 utraque
1122 370 1435 425 coniugatione.
1497 369 1731 412 Verborum
1763 369 1940 412 alteram
1980 369 2325 430 coniugationcm
2355 365 2624 424 sequentium

148 438 310 491 {ho
333 443 498 485 tantum
531 440 728 496 exempla
758 445 994 484 occurrunt.
1058 441 1245 493 Quartae
1276 454 1387 495 quae
1432 440 1588 483 dicitur
1620 440 1933 494 coniugationis
1978 440 2118 483 nullae
2155 441 2326 483 omnino
2356 439 2625 496 reperiuntur

147 524 152 530 ·
181 520 183 523 ·
207 503 456 556 huiusmodi
489 509 650 555 formae
681 510 755 563 (cf.
788 509 977 566 Madvig.
1010 511 1036 555 l.
1060 524 1096 568 c.
1130 526 1171 568 p.
1194 511 1283 566 65).
1346 510 1468 564 Quod
1501 515 1619 555 certa
1651 524 1780 555 causa
1811 525 1965 554 vacare
1988 511 2060 554 vix
2081 510 2183 554 mihi
2206 511 2429 566 quisquam
2452 522 2624 568 μετιε-

215 578 320 626 dere
349 583 520 638 poterit.
582 582 675 625 Nec
696 594 795 624 vero
818 581 959 624 adhuc
989 582 1091 624 mihi
1124 583 1316 638 contigit,
1349 587 1395 626 ut
1426 582 1517 625 eius
1548 583 1608 625 rei
1639 583 1744 625 satis
1776 582 1941 638 plenam
1975 582 2178 624 rationem
2210 582 2446 625 invenirem
2477 580 2622 636 diam,

216 652 297 697 nisi
330 665 424 696 eam
457 652 585 707 quod,
618 666 711 696 cum
744 652 891 697 talium
923 653 1149 696 formarum
1182 654 1387 710 originem
1419 659 1627 710 appareat
1658 653 1699 696 in
1732 652 2026 709 antiquissima
2053 659 2095 696 et
2116 653 2397 696 remotissima
2428 656 2624 709 tempora

214 722 431 778 recedere,
477 724 706 767 verisimile
753 730 818 768 est
849 729 1042 779 quartam
1074 726 1413 781 coniugationem
1455 730 1597 768 aetate
1636 725 1907 768 novissimam
1940 738 2032 767 esse
2064 730 2106 767 et
2138 730 2224 768 tum
2256 724 2428 767 demum
2459 727 2622 778 naum,

214 807 311 840 cum
342 794 504 839 formae
535 796 787 850 sigmaticae
820 796 903 839 iam
935 795 1079 839 florem
1111 798 1267 840 aetatis
1298 811 1496 853 egressae
1541 802 1661 840 erant
1693 810 1920 851 earumque
1963 809 2062 839 usus
2109 797 2197 839 vita
2241 795 2468 840 occidente
2516 794 2620 839 defi·

212 867 409 912 aiebatur
440 868 565 924 copia
615 867 752 924 priore
800 872 988 925 tempore
1027 854 1300 926 suppeditata
1331 884 1409 914 nce
1453 883 1589 912 novae
1621 869 1917 912 efficiebantur
1948 869 2025 911 nisi
2058 868 2113 911 ad
2146 870 2280 924 ipsum
2313 882 2391 912 usu
2422 869 2620 912 tritarum

214 938 471 996 exemplum.

356 1010 406 1055 In
436 1010 647 1055 Pseudolo
681 1010 857 1054 totidem
890 1012 979 1055 eius
1011 1013 1169 1068 speciei
1202 1013 1363 1055 formae
1396 1015 1660 1069 reperiuntur
1692 1018 1793 1067 quot
1830 1014 1872 1054 in
1906 1012 2039 1054 Milite
2070 1013 2176 1066 glor.
2211 1014 2319 1065 (17),
2367 1002 2499 1055 multo
2542 1012 2619 1054 mi-

213 1095 358 1126 norem
389 1095 607 1126 numerum
631 1083 693 1135 (7)
726 1083 902 1139 praebet
934 1083 1215 1127 Trinummus.
1279 1085 1325 1127 In
1359 1084 1507 1127 eadem
1541 1084 1687 1127 fabula
1719 1083 1987 1126 desideratur
2033 1084 2268 1139 exemplum
2301 1083 2618 1138 coniugationis

213 1153 256 1196 in
288 1167 311 1197 e
342 1152 563 1207 formatae,
596 1154 716 1196 cuius
747 1154 789 1196 in
822 1154 994 1208 reliquis
1027 1154 1109 1197 duo
1142 1160 1251 1198 sunt.
1317 1156 1406 1198 Hoc
1449 1169 1574 1198 unum
1620 1157 1862 1198 etiamnunc
1910 1155 2083 1208 dignum
2130 1160 2230 1209 puto
2277 1153 2392 1208 quod
2429 1153 2617 1197 adiciam

213 1224 420 1269 rationem
453 1237 597 1268 earum
629 1224 869 1280 formarum,
902 1239 1010 1281 quae
1033 1240 1059 1269 a
1082 1226 1209 1271 verbo
1231 1226 1414 1271 faciendi
1439 1226 1660 1271 derivatae
1688 1231 1797 1279 sunt,
1835 1239 2079 1271 accrescere
2111 1226 2154 1269 in
2186 1226 2445 1280 Trinummo,
2477 1224 2618 1270 Milite

211 1295 411 1352 glorioso,
443 1295 654 1339 Pseudolo
686 1302 731 1339 ut
763 1297 974 1352 4ε7ε11,
1007 1298 1185 1355 primam
1217 1302 1356 1341 autem
1388 1311 1611 1355 personam
1648 1296 1811 1356 „faoeo“
1848 1302 1913 1342 ter
1944 1296 2117 1341 deciens
2147 1297 2337 1341 inveniri.

354 1368 420 1409 Ex
452 1368 534 1409 hac
567 1369 690 1424 copia
736 1369 899 1425 priscae
933 1369 1178 1412 Latinitatis
1224 1371 1327 1412 satis
1373 1383 1528 1425 magna
1568 1369 1856 1413 Gracchorum
1903 1374 2043 1412 autem
2088 1369 2345 1426 temporibus
2389 1368 2617 1413 interitura

211 1453 366 1480 aureae
398 1453 522 1492 quam
556 1439 702 1480 dicunt
734 1441 864 1480 aetati
899 1447 983 1481 tres
1015 1442 1176 1483 formae
1209 1442 1383 1484 relictae
1414 1447 1530 1484 sunt:
1561 1444 1691 1500 faxo,
1720 1442 1885 1499 faoee'm,
1918 1442 2076 1484 ausim.
2130 1439 2330 1486 Senecae
2363 1439 2616 1498 tragoediae

211 1525 338 1553 unum
373 1516 535 1554 tantum
569 1513 807 1566 exemplum
840 1513 1062 1554 exhibent:

636 1582 747 1625 Med.
781 1584 868 1625 905
905 1616 1086 1626 ......
1120 1584 1327 1639 quidquid
1359 1584 1586 1628 admissum
1620 1590 1684 1628 est
1715 1584 1857 1628 adhuc

896 1657 1034 1711 pietas
1065 1662 1252 1699 vocetur.
1318 1657 1396 1700 hoc
1428 1671 1510 1711 age
1542 1662 1585 1700 et
1611 1659 1729 1714 faa-o
1761 1658 1897 1699 sciant

897 1741 1020 1781 quam
1053 1728 1165 1771 levia
1196 1728 1350 1771 fuerint
1382 1743 1591 1783 quamque
1624 1729 1811 1784 volgaris
1843 1733 1967 1771 notae

898 1813 1006 1853 quae
1038 1799 1303 1843 commodavi
1335 1801 1498 1843 seelera
1532 1834 1680 1843 .....

352 1869 444 1920 Quo
477 1870 570 1911 loco
602 1884 683 1911 non
716 1869 841 1912 video
874 1884 948 1912 eur
973 1871 1150 1927 „famis-‘⁴
1187 1885 1279 1912 cum
1315 1871 1457 1913 Leone
1480 1872 1663 1913 scribere
1696 1885 1869 1913 neeesse
1891 1872 1962 1913 sit:
1997 1872 2121 1912 immo
2143 1870 2363 1914 codicibus
2383 1871 2612 1914 obsecutus

209 1941 352 1983 malim
384 1946 532 1996 putare
566 1941 781 1984 verbalem
820 1942 909 1984 eius
941 1942 1100 1985 formae
1133 1943 1345 1984 notionem
1378 1943 1450 1985 illa
1482 1949 1624 1985 aetate
1657 1944 1716 1985 ila
1749 1943 1994 1997 deriguisse,
2041 1948 2086 1984 ut
2118 1945 2439 1993 παρατακτικῶς
2472 1943 2613 1998 posita

209 2013 330 2066 quasi
361 2011 555 2055 adverbii
587 2012 751 2055 vicibus
783 2012 1027 2068 fungeretur
1059 2013 1398 2069 respondeatque
1432 2014 1658 2057 vernaculo
1691 2014 1862 2057 dicendi
1909 2014 2051 2067 generi
2099 2013 2204 2066 „auf
2244 2012 2321 2055 der
2352 2012 2501 2066 Stelle,
2547 2026 2612 2057 so-

179 2073 181 2076 *
207 2082 392 2138 gleich“.
455 2083 635 2126 Accedit
667 2083 801 2126 altera
835 2097 975 2136 eausa,
1009 2097 1091 2139 qua
1124 2084 1299 2126 formam
1323 2084 1441 2127 libris
1464 2083 1663 2127 traditam
1687 2098 1855 2127 servare
1879 2096 2096 2139 cogamur:
2129 2096 2224 2126 nam
2249 2082 2405 2137 ,‚faxo“
2438 2082 2611 2139 quidem

207 2154 438 2209 permansit
460 2155 502 2196 in
519 2155 767 2208 Latinitate,
800 2168 881 2196 non
905 2169 1173 2213 permansere
1205 2156 1315 2198 aliae
1337 2170 1542 2213 personae
1565 2162 1610 2199 ut
1633 2157 1818 2211 „faxis-⁶⁶.
1867 2156 2051 2209 &Petron
2070 2155 2161 2199 Sat.
2179 2154 2236 2197 95
2269 2154 2398 2210 „faxo
2419 2154 2610 2210 sciatis“,

207 2226 298 2267 sim.
331 2225 617 2278 Prudentius.)

608 2631 682 2699 D.
783 2634 878 2698 De
929 2634 1274 2700 adiectivis
1325 2656 1475 2699 cum
1526 2632 1745 2699 verbis
1796 2630 2200 2716 compositis.

347 2796 576 2840 Adiectiva
609 2811 702 2840 cnm
735 2798 875 2841 verbis
907 2800 1142 2855 composita
1190 2813 1282 2842 cum
1330 2800 1464 2842 forma
1507 2798 1752 2841 brevissima
1784 2797 1997 2840 notionem
2031 2797 2336 2853 amplissimam
2369 2795 2608 2840 efficacissi-

204 2881 400 2922 mamque
430 2869 740 2924 complectente
773 2869 978 2924 imprimis
1010 2870 1163 2912 idonea
1195 2875 1346 2922 essent,
1395 2869 1546 2923 quibus
1587 2874 1737 2923 poetae
1769 2871 1985 2910 uterentur
2017 2867 2072 2909 ad
2105 2866 2298 2923 epitheta
2330 2865 2607 2923 exprimenda

204 2951 384 2993 cumque
414 2940 616 2982 metricae
648 2945 884 2983 structurae
916 2954 1071 2995 genere
1104 2940 1414 2995 elegantissime
1448 2953 1492 2981 se
1524 2939 1777 2995 adaptarent
1811 2939 2002 2982 versibus
2049 2944 2201 2995 postca
2237 2937 2446 2981 deamatis
2477 2942 2607 2993 atque

202 3008 304 3052 fictu
335 3009 541 3053 facillima
572 3011 776 3054 sermonis
808 3011 965 3068 poetici
998 3012 1138 3055 studio
1160 3025 1291 3054 novas
1313 3010 1564 3067 procreandi
1587 3011 1864 3065 insolitasque
1897 3011 2055 3054 formas
2076 3011 2297 3053 materiam
2319 3008 2606 3066 gratissimam

203 3079 403 3122 offerrent
423 3095 503 3124 nec
518 3083 614 3124 ullis
635 3082 724 3124 fere
747 3084 935 3125 terminis
957 3084 1198 3137 coercitam,
1221 3082 1477 3140 procedente
1501 3087 1688 3140 tempore
1710 3082 1753 3125 in
1775 3082 1868 3126 dies
1889 3081 2027 3137 magis
2049 3082 2303 3126 crebuerunt
2329 3086 2373 3123 et
2393 3085 2606 3140 postremo

202 3150 412 3197 uberrime
441 3152 776 3198 luxuriabantur.
