2835 3439
165 341 174 348 -
224 297 332 364 ,rum
365 307 533 354 ratione
562 311 789 365 usurpatas
823 306 1043 351 videamus
1075 307 1119 360 (8
1136 319 1144 350 :
1162 307 1220 359 7).

241 208 415 283 Geirei
446 238 659 294 repugnat
689 234 815 280 unica
845 233 1074 290 tragoedia
1103 231 1300 288 Octavia,
1338 232 1380 278 in
1413 244 1497 289 qua
1528 206 1745 288 utriusque
1775 208 1960 287 generis*
1975 228 2134 279 formas
2162 219 2314 275 eadem
2340 209 2434 299 *fere
2471 220 2482 284 f
2508 216 2521 234 ”

385 380 428 425 2.
458 380 738 427 Numeromm
769 392 976 424 summam
1009 393 1093 434 quo
1124 377 1250 423 modo
1282 377 1476 421 diverbia
1510 381 1552 420 et
1585 377 1753 421 cantica
1784 376 1893 419 inter
1922 390 2016 420 sese
2047 376 2339 420 distribuerint
2369 378 2405 419 si
2436 369 2653 434 compara-
2716 383 2719 385 ’

241 452 442 507 verimus,
474 450 653 496 eandem
684 449 894 495 rationem
935 450 1211 495 inveniemus.
1274 450 1323 493 In
1356 448 1548 493 diverbio
1592 448 1703 492 enim
1745 448 1906 491 formae
1949 447 2193 492 deminutae
2225 454 2322 492 sunt
2363 449 2420 492 ad
2464 450 2654 506 integras

241 528 289 569 ut
321 524 477 569 82:14
496 543 540 561 =
560 522 744 578 5‚85:1,
777 521 821 567 in
854 522 1034 567 canticis
1065 527 1112 567 ut
1144 522 1268 567 6223
1289 544 1332 559 =
1353 521 1543 576 20,66:1
1571 520 1597 564 i.
1623 536 1658 564 e.
1692 521 1735 563 in
1782 521 1960 563 canticis
2003 521 2164 564 formae
2208 521 2427 565 breviatae
2457 534 2561 578 prae
2591 521 2653 563 di-

241 596 389 641 verbio
432 594 777 654 praeponderant
821 593 1061 653 quadruplo
1105 594 1294 640 circiter:
1347 593 1495 651 plenas
1538 593 1669 648 igitur
1711 592 1867 636 formas
1910 593 1951 636 in
1998 593 2178 636 canticis
2221 595 2303 637 sibi
2345 608 2427 637 non
2477 592 2653 638 indulsit

242 667 421 712 Seneca.
455 691 512 699 —
545 665 669 720 Quod
714 680 867 711 novem
913 665 1119 724 deinceps
1162 667 1364 723 probatur
1395 664 1643 720 tragoediis,
1688 679 1863 719 quarum
1896 664 1939 706 in
1972 665 2153 708 canticis
2190 665 2302 708 Perf.
2336 666 2431 709 Act.
2462 665 2504 707 3.
2536 666 2650 708 Plur.

240 739 402 783 formae
432 744 515 782 non
548 739 817 782 inveniantur
848 752 931 782 non
964 726 1222 783 deminutae.
1286 737 1552 792 Singularem
1585 736 1714 792 igitur
1746 736 1813 778 vel
1845 737 1887 778 in
1919 736 2001 779 hac
2033 750 2078 779 re
2121 737 2257 779 locum
2296 738 2457 780 obtinet
2488 750 2541 780 ea
2572 741 2651 779 tra-

240 809 412 866 goedia,
445 823 556 865 quae
588 808 773 854 Octavia
803 810 1061 860 inscribitur,
1095 823 1204 865 quae
1237 813 1338 865 quot
1368 809 1410 853 in
1436 807 1627 853 diverbio
1660 813 1722 851 tot
1755 808 1842 852 fere
1874 809 1916 852 in
1950 810 2129 853 canticis
2160 809 2362 853 exhibeat
2393 809 2541 867 plenas
2571 809 2652 853 for·

187 919 189 927 ,
240 894 332 926 mas
362 881 512 936 (4:3).

383 952 424 996 3.
488 951 678 996 Eaedem
712 966 862 997 novem
895 952 1145 1008 tragoediae
1178 957 1274 996 sunt
1297 952 1356 996 ita
1389 952 1662 1008 compositae,
1695 957 1740 994 ut
1772 951 1899 994 etiam
1933 952 1974 993 in
1997 951 2190 994 diverbio
2213 953 2476 995 brevioribus
2507 953 2652 995 formis

240 1036 367 1079 quam
413 1024 597 1080 plurimo
645 1023 802 1067 cedant
851 1024 1019 1081 plenae:
1067 1036 1176 1079 quae
1222 1023 1332 1068 ratio
1379 1036 1580 1081 perversa
1626 1027 1691 1066 est
1737 1022 1778 1065 in
1827 1022 2024 1077 Octavia,
2071 1023 2143 1067 ubi
2190 1023 2291 1068 illae
2329 1028 2426 1067 sunt
2471 1023 2528 1067 ad
2575 1023 2652 1067 has

239 1100 286 1139 ut
320 1095 492 1149 1:1,33.
2365 1108 2367 1110 ·

382 1165 580 1222 Denique
611 1179 763 1209 novem
802 1166 900 1210 illae
934 1165 1184 1221 tragoediae
1230 1166 1376 1209 formis
1408 1166 1583 1222 integris
1630 1165 1919 1209 tantummodo
1964 1170 2138 1209 utuntur
2181 1171 2267 1210 aut·
2286 1165 2410 1224 pedis
2451 1166 2565 1210 tertii
2608 1167 2651 1210 in

239 1236 364 1293 thesi,
397 1238 551 1293 quibus
582 1238 748 1295 syllaba
777 1237 987 1294 producta
1020 1239 1190 1281 eveniat
1222 1238 1294 1280 illo
1328 1238 1420 1281 loco
1454 1244 1669 1295 exoptata,
1715 1243 1788 1281 aut
1826 1238 1949 1295 pedis
1982 1238 2118 1294 quinti
2162 1238 2204 1281 in
2238 1238 2336 1295 arsi,
2382 1239 2449 1283 cui
2481 1238 2651 1295 quidem

238 1308 350 1365 loco,
382 1323 477 1354 cum
510 1309 703 1353 ultimum
736 1324 884 1354 versus
924 1309 1077 1366 pedem
1109 1311 1315 1354 intactum
1360 1324 1531 1353 manere
1576 1324 1747 1354 neccsse
1792 1311 1860 1364 sit,
1905 1314 2075 1368 praeter
2119 1315 2396 1367 anapaestum
2440 1310 2652 1369 spondeus

239 1381 368 1440 plena
399 1383 695 1426 terminatione
729 1382 933 1425 formatus
965 1383 1124 1438 optime
1157 1397 1260 1425 sane
1293 1382 1486 1436 quadrat.

382 1453 449 1498 Ex
482 1455 547 1508 iis,
582 1468 691 1509 quae
725 1458 853 1497 antea
886 1453 1083 1507 diximus,
1117 1455 1175 1496 ita
1208 1455 1415 1496 Senecam
1450 1455 1607 1496 formas
1639 1454 1877 1496 deminutas
1910 1455 1950 1497 in
1984 1454 2150 1497 deliciis
2182 1454 2394 1509 habuisse,
2439 1454 2575 1510 plenis
2605 1458 2652 1497 ut

241 1525 454 1569 abstinere
486 1525 690 1579 studeret,
724 1526 785 1568 ita
816 1525 938 1568 nobis
961 1525 1300 1569 concludendum
1334 1531 1411 1578 est,
1446 1530 1503 1579 ut,
1537 1540 1619 1579 quo
1652 1526 1794 1580 plures
1822 1524 2045 1578 tragoedia
2078 1524 2233 1566 formas
2266 1525 2482 1567 contineat
2513 1526 2651 1568 termi-

166 1609 170 1613 ’
238 1597 412 1639 natione
455 1597 669 1652 integras,
715 1609 766 1639 eo
811 1597 950 1653 priore
996 1600 1185 1653 tempore
1231 1609 1322 1639 cam
1369 1597 1652 1652 conscriptam
1698 1609 1789 1639 esse
1834 1599 2080 1640 statuamus,
2158 1596 2249 1639 Hoc
2301 1596 2336 1640 si
2381 1609 2526 1640 verum
2573 1601 2650 1652 est,

238 1667 442 1711 efficitur:

381 1742 425 1793 a)
457 1740 719 1795 tragoedias,
768 1753 876 1794 quae
910 1739 1184 1794 Phoenissae,
1217 1739 1383 1794 Medea,
1429 1738 1628 1783 Phaedra
1676 1739 1973 1793 inscribuntur,
2018 1738 2202 1782 omnium
2248 1739 2500 1783 novissimas
2543 1752 2647 1784 esse.

237 1812 331 1854 Nec
362 1811 717 1868 praetereundum
749 1812 933 1854 arbitror
965 1825 1016 1853 ea
1047 1811 1211 1853 ratione
1244 1812 1285 1853 in
1309 1811 1374 1854 his
1405 1810 1639 1866 tragoediis
1660 1823 1904 1854 accrescere
1927 1824 2046 1854 usum
2075 1809 2303 1853 formarum
2326 1810 2650 1865 deminutarum,

237 1888 283 1925 ut
315 1882 529 1938 duplicem
564 1897 707 1925 earum
741 1896 957 1925 numerum
991 1883 1234 1926 adhibuerit
1266 1887 1394 1939 poeta
1426 1883 1468 1925 in
1501 1881 1654 1925 Medea
1686 1882 1793 1937 (12),
1826 1883 1867 1924 in
1900 1881 2097 1925 Phaedra
2129 1882 2339 1938 triplicem
2373 1882 2477 1935 (18).

380 1955 425 2005 b)
459 1954 644 2007 reliquas
676 1955 900 1996 remotiore
934 1960 1123 2009 tempore
1156 1959 1270 1996 ortas
1302 1956 1362 1996 ita
1395 1955 1576 1996 invicem
1609 1954 1846 2010 excepisse,
1888 1958 1933 1995 ut
1965 1957 2134 1996 servato
2167 1953 2370 2009 temporis
2401 1952 2549 1997 ordine
2581 1951 2649 1997 de-

237 2025 385 2080 inceps
429 2031 705 2079 sequerentur
737 2026 1030 2080 Agamemnon
1064 2028 1209 2078 (5zl),
1256 2025 1448 2068 Troades
1479 2026 1622 2078 (6:1),
1670 2025 1872 2067 Hercules
1905 2025 2091 2067 Oetaeus
2123 2025 2293 2078 (8:1¹),
2339 2024 2545 2068 Hercules
2588 2024 2650 2068 fu-

166 2149 170 2155 ·
237 2110 334 2140 rens
366 2098 541 2150 (1121),
575 2096 779 2153 Oedipus,
803 2097 1017 2153 Thyestes
1050 2098 1224 2149 (2221).
1289 2098 1353 2139 De
1392 2097 1709 2151 Agamemnone
1743 2096 1854 2138 idem
1900 2097 2117 2139 constituit
2150 2097 2240 2140 Leo
2272 2097 2299 2140 l.
2333 2111 2370 2140 c.
2403 2112 2444 2153 p.
2481 2097 2564 2140 133
2608 2097 2650 2140 in

236 2168 339 2212 fine:
378 2169 465 2224 „ita
497 2173 639 2211 autem
672 2169 808 2211 sentio
841 2168 1202 2223 Agamemnonem
1236 2170 1345 2211 inter
1377 2169 1567 2211 Senecae
1600 2167 1845 2222 tragoedias
1877 2181 1969 2209 eam
2002 2181 2108 2221 esse,
2142 2182 2267 2223 quam
2312 2167 2490 2224 primam
2522 2167 2649 2225 scrip-

174 2270 175 2273 *
235 2239 331 2283 sit.“
397 2238 448 2282 Id
481 2239 550 2282 vel
583 2252 633 2282 eo
667 2239 951 2292 confirmatur,
991 2239 1103 2293 quod
1137 2240 1320 2282 omnium
1367 2238 1683 2294 tragoediarum
1728 2240 1769 2280 in
1807 2239 1998 2281 diverbio
2041 2240 2214 2281 minimo
2259 2240 2300 2281 in
2333 2239 2650 2294 Agamemnone

235 2308 482 2353 deminutae
514 2310 836 2353 terminationes
869 2314 1127 2366 exsuperant
1160 2310 1350 2365 integras
1384 2310 1595 2364 <2,33:1).
1659 2309 1776 2361 Quae
1821 2315 1969 2352 contra
2018 2310 2107 2353 Leo
2152 2310 2255 2353 dicit
2288 2308 2498 2366 Oedipum
2542 2311 2651 2353 inter

235 2380 427 2424 Senecae
459 2381 706 2436 tragoedias
739 2394 832 2423 eam
865 2394 971 2434 esse,
1018 2394 1141 2434 quam
1175 2381 1404 2423 secundam
1438 2382 1653 2436 scripserit
1686 2387 1813 2435 atque
1837 2382 2062 2424 Herculem
2095 2381 2314 2434 Oetaeum,
2361 2381 2396 2423 si
2429 2396 2455 2423 a
2486 2380 2650 2423 Seneca

234 2452 396 2507 scripta
427 2452 495 2506 sit,
538 2457 635 2508 post
667 2451 853 2506 reliquas
886 2451 1145 2507 tragoedias,
1186 2452 1336 2495 saltem
1381 2456 1477 2508 post
1510 2452 1735 2495 Herculem
1768 2451 1974 2495 furentem
2019 2452 2222 2508 scriptam
2255 2466 2348 2496 esse
2380 2451 2452 2505 (cs.
2485 2467 2526 2509 p.
2559 2452 2648 2507 53),

236 2536 289 2566 ea
320 2523 423 2565 mihi
456 2523 565 2566 hanc
598 2537 684 2566 rem
718 2523 963 2579 respicienti
995 2524 1131 2566 minus
1163 2524 1409 2579 probantur.
1473 2525 1521 2566 In
1554 2523 1635 2566 hoc
1667 2529 1828 2566 tantum
1863 2524 2071 2567 assentior
2103 2523 2250 2573 Leoni,
2284 2522 2397 2578 quod
2436 2522 2540 2566 dicit
2571 2524 2649 2567 Oe-

235 2593 381 2651 dipum
413 2599 513 2637 ante
536 2594 794 2638 Phoenissas
826 2594 1029 2650 scriptam
1062 2608 1154 2637 esse
1188 2597 1245 2650 (p.
1271 2595 1353 2647 77).
1418 2595 1624 2638 Oetaeum
1657 2600 1797 2637 autem
1823 2595 2047 2638 Herculem
2080 2599 2176 2651 post
2199 2594 2405 2637 furentem
2439 2595 2649 2652 couscrip-

234 2749 305 2783 ubi
332 2749 459 2784 forma
491 2749 681 2794 „parunt“
711 2749 827 2783 simili
855 2750 1010 2783 ratione
1038 2752 1159 2792 atque
1190 2748 1380 2792 „norunt“
1410 2752 1482 2782 cet..
1512 2749 1654 2782 effecta
1681 2758 1778 2782 usus
1805 2748 1923 2783 etiam
1951 2748 2006 2783 sic
2034 2747 2168 2783 dicere
2195 2747 2342 2793 potuit:

1031 2808 1179 2852 parunt
1206 2807 1389 2842 volficres
1416 2810 1454 2842 et
1482 2809 1588 2841 feras
1614 2817 1759 2841 saevas
1785 2807 1863 2841 diu.

234 2865 470 2913 Correptam
497 2867 603 2902 enim
631 2866 813 2902 vocalem
841 2869 935 2902 ante
963 2871 1113 2901 mutam
1140 2876 1228 2901 cum
1257 2866 1410 2912 liquida
1430 2867 1468 2900 in
1489 2866 1567 2901 arsi
1596 2877 1737 2902 versus
1764 2866 1911 2902 senarii
1940 2866 2106 2911 produci
2127 2877 2244 2913 posse
2266 2866 2438 2902 efficitur
2464 2866 2649 2903 versibus

233 2925 353 2963 Herc.
382 2926 458 2962 fur.
486 2926 566 2962 750.
594 2925 663 2962 756

1032 2988 1189 3032 rapitur
1216 2987 1366 3020 volucri
1394 2989 1522 3021 tortus
1550 2986 1665 3021 Ixion
1693 2990 1780 3021 rota

1030 3046 1198 3090 praebet
1224 3046 1375 3080 volueri
1402 3046 1542 3090 Tityos
1568 3050 1754 3080 aeternas
1780 3046 1915 3090 dapes,

232 3105 272 3141 in
300 3105 447 3152 quibus
473 3104 578 3141 idem
606 3116 751 3141 nomen
778 3113 999 3151 usurpatur
1025 3105 1166 3141 eodem
1187 3115 1328 3141 versus
1355 3105 1442 3141 loco
1469 3105 1602 3140 media
1620 3105 1775 3149 syllaba
1795 3105 1992 3150 producta
2007 3107 2071 3146 (cf.
2088 3106 2203 3141 Here.
2220 3109 2296 3141 fur.
2310 3106 2397 3141 898:
2425 3107 2524 3151 patri
2547 3109 2635 3148 etc.)

377 3165 411 3207 1)
437 3165 525 3202 Hoc
551 3174 599 3201 eo
627 3165 756 3214 magis
781 3163 1006 3202 mirandum
1035 3172 1105 3210 est,
1133 3164 1241 3213 quod
1268 3163 1384 3202 Herc.
1411 3164 1495 3201 Oet.
1523 3165 1695 3212 spatium
1723 3164 1894 3211 complet
1921 3164 2085 3212 reliquis
2111 3166 2196 3202 fere
2222 3165 2345 3212 duplo
2371 3166 2554 3213 ampliuS.
