2835 3439
1004 287 1148 314 versus
1173 280 1216 314 in
1241 280 1320 314 fine

1851 278 2017 324 reliquis
2042 287 2186 314 versus
2211 277 2308 314 locis

1005 375 1015 405 Ι’
1315 376 1325 404 r*

750 420 970 456 Trinumm.
1005 408 1015 504 ἶ
1066 422 1143 457 Mil.
1169 423 1272 468 glor.
1314 407 1324 456 {2
1386 422 1570 458 Pseudol.

1012 476 1015 500 i
1323 487 1324 494 t

421 397 545 434 Titan
1664 421 1882 457 Trinumm.
1928 447 1939 487 Γ,
1990 421 2065 456 Mil.
2093 421 2193 467 glor.
2308 420 2494 457 Pseudol.

708 532 996 566 Diverb.’ca11tic.
1019 533 1306 577 Diverb.]ca=1tic.
1329 540 1464 567 Diverb.

854 561 856 589 ι
1472 534 1613 582 malitie.
1636 539 1769 566 Diverl».
1793 538 1920 567 Cantic.
1944 538 2227 569 Diverb.,(:antic.
2251 530 2537 580 DiverlniCantlc.

393 634 562 670 Formae
1703 648 1726 681 3
1779 637 1781 665 ³
1857 649 1879 680 s
2013 648 2032 682 7
2145 647 2188 681 12
2298 667 2339 672 —
2473 648 2496 681 6

402 694 559 739 plenae.
1779 676 1781 699 Ι
2087 698 2089 740 Ξ
2236 674 2247 751 Η

1684 757 1878 818 -ιῖ-
1987 754 2187 819 —15‘
2245 785 2247 836 3
2295 754 2496 819 *⁶6³⁶

1704 943 1725 979 4
1858 943 1879 979 6
1989 963 2031 969 -
2166 944 2189 979 3
2298 964 2339 970 -
2394 920 2397 996 ξ
2452 965 2494 970 -

339 990 380 1024 F.
407 991 618 1025 breviatae
2087 1012 2089 1035 e
2395 997 2397 1037 ὲ

1004 1088 1015 1178 Η
1314 1158 1323 1179 Η
1761 1082 1804 1116 ¹⁰
1928 1082 2419 1178 1³¹*

340 1217 593 1261 Efficiuntur
626 1230 679 1260 ex
711 1217 794 1261 hae
826 1218 973 1261 tabula
1005 1218 1135 1261 haee:

341 1290 524 1334 Formae
556 1290 709 1346 plenae
743 1290 787 1333 in
818 1290 1058 1334 universum
1090 1295 1186 1333 sunt
1231 1289 1286 1333 ad
1320 1290 1536 1334 breviatas
1580 1295 1624 1333 ut
1656 1291 1800 1333 58:15
1819 1290 2031 1346 =3‚86:1
2053 1289 2093 1334 h.
2117 1305 2152 1334 e.
2188 1297 2444 1348 exsuperant
2484 1292 2615 1347 igitur

198 1362 352 1418 plenae
383 1362 546 1404 formae
579 1361 817 1417 quadruplo
851 1361 1021 1405 circiter
1043 1362 1271 1404 breviatas.
1338 1362 1421 1416 Ipsi
1446 1361 1576 1416 igitur
1600 1363 1758 1404 numeri
1783 1361 2073 1404 demonstrant
2095 1363 2289 1404 Plautum
2323 1363 2478 1405 formas
2510 1364 2614 1405 iute-

198 1445 300 1488 gras
330 1432 585 1489 praetulisse
617 1431 864 1475 decurtatis.
911 1431 1035 1483 Quod
1058 1431 1260 1474 iudicium
1294 1437 1417 1475 extra
1439 1446 1604 1474 omnem
1639 1432 1944 1475 dubitationem
1977 1434 2147 1490 ponitur
2178 1447 2242 1489 eo,
2276 1434 2389 1488 quod
2422 1434 2464 1475 in
2488 1434 2613 1476 Pseu-

200 1503 313 1559 dolo,
347 1517 456 1558 quae
488 1503 634 1547 fabula
666 1508 821 1560 poetae
853 1505 936 1547 iam
970 1504 1084 1547 senis
1133 1504 1421 1546 maturitatem
1455 1504 1669 1558 quandam
1702 1519 1803 1560 prae
1835 1519 1880 1547 se
1913 1505 2036 1558 ferat,
2084 1505 2205 1548 huius
2236 1506 2406 1560 generis
2450 1506 2614 1548 formae

199 1575 418 1619 breviores
448 1574 577 1631 plane
609 1574 776 1618 desunt.
840 1575 944 1618 Cum
986 1580 1127 1617 autem
1162 1574 1547 1629 Engelbrechtus1)
1581 1575 1933 1618 demonstraverit
1965 1577 2054 1618 eius
2086 1576 2146 1619 rei
2180 1576 2434 1619 eontrarium
2467 1576 2556 1618 fieri
2589 1590 2615 1618 a

199 1646 418 1701 Terentio,
450 1659 627 1690 neeesse
660 1650 723 1690 est
756 1645 1059 1689 concludamus
1090 1647 1239 1702 plenas
1271 1646 1429 1689 formas
1461 1648 1666 1690 sermonis
1698 1646 1900 1689 cotidiani
1933 1647 2076 1702 fuisse,
2110 1648 2259 1690 urbani
2292 1649 2519 1691 breviatas.

342 1717 388 1761 Si
422 1718 663 1760 accuratius
695 1718 1145 1773 circumspectabimus
1177 1731 1260 1771 qua
1293 1718 1456 1760 ratione
1489 1718 1706 1772 utriusque
1738 1718 1907 1773 generis
1929 1718 2091 1761 formae
2124 1732 2199 1774 per
2230 1718 2420 1773 singulas
2452 1731 2614 1761 comoe-

200 1787 296 1832 dias
327 1787 510 1832 diffusae
541 1789 638 1842 sint,
671 1788 934 1831 inveniemus
967 1795 1051 1831 tres
1085 1789 1180 1831 illas
1202 1789 1373 1831 fabulas
1405 1789 1627 1845 plurimum
1661 1790 1703 1830 in
1729 1803 1780 1831 ea
1813 1802 1856 1831 re
1889 1790 1997 1831 inter
2019 1802 2112 1832 sese
2145 1789 2317 1832 distare.
2366 1789 2470 1832 Cum
2504 1790 2614 1832 enim

200 1861 245 1903 in
260 1860 510 1902 Trinummo
541 1860 693 1915 plenae
715 1859 879 1902 formae
912 1865 1075 1902 tantum
1108 1860 1237 1916 duplo
1261 1860 1433 1903 circiter
1455 1860 1796 1916 praeponderent
1820 1860 2013 1915 (18:10),
2047 1861 2127 1903 hoc
2150 1860 2375 1903 discrimen
2397 1861 2615 1915 aliquanto

200 1934 383 1987 augetur
413 1931 456 1974 in
488 1931 662 1986 reliquis
695 1930 873 1974 fabulis:
906 1945 1004 1974 nam
1036 1931 1254 1974 breviores
1286 1932 1449 1974 formae
1483 1932 1524 1973 in
1556 1932 1690 1974 Milite
1722 1932 1907 1987 glorioso
1940 1931 2161 1988 quiutuplo
2193 1931 2331 1988 plenis
2363 1936 2616 1988 superantur

201 2003 374 2057 (5:25),
419 2003 461 2045 in
507 2002 720 2045 Pseudolo
764 2008 919 2053 autem,
966 2016 1074 2058 quae
1119 2003 1266 2046 fabula
1311 2004 1460 2059 plenas
1504 2003 1744 2058 quindecim
1789 2004 1948 2047 formas
1992 2003 2179 2058 exhibet,
2224 2003 2443 2047 breviatae
2488 2003 2615 2061 plane

201 2073 367 2118 desunt.

343 2144 506 2188 Eadem
539 2145 779 2188 breviorum
812 2146 1037 2189 formarum
1063 2147 1269 2189 efficietur
1301 2146 1547 2201 deminutio,
1580 2148 1614 2189 si
1638 2160 1756 2190 usum
1790 2160 1933 2190 earum
1961 2146 2101 2190 medio
2134 2147 2176 2189 in
2210 2159 2332 2190 versu
2365 2147 2615 2191 observave-

201 2216 345 2261 rimus.
408 2217 520 2262 Nam
552 2217 595 2259 in
628 2217 873 2260 Trinummo
905 2217 1019 2261 idem
1053 2218 1140 2260 fere
1173 2232 1370 2261 numerus
1403 2225 1467 2261 est
1500 2219 1718 2275 plenarum
1751 2219 1977 2262 formarum
2011 2224 2055 2262 et
2086 2219 2372 2262 breviatarum
2406 2220 2612 2274 (11:10),

200 2288 245 2332 in
267 2288 403 2332 Milite
434 2288 621 2344 glorioso
653 2293 796 2332 autem
827 2295 924 2332 sunt
956 2290 1056 2333 illae
1078 2290 1132 2332 ad
1157 2290 1234 2333 has
1266 2295 1312 2332 ut
1343 2291 1435 2332 611
1471 2292 1729 2343 (accuratius
1764 2291 1913 2344 1923),
1948 2291 1989 2332 in
2022 2290 2233 2333 Pseudolo
2266 2290 2448 2344 denique
2481 2291 2615 2333 brevi-

202 2365 299 2405 atas
330 2360 490 2405 formas
521 2361 692 2404 omnino
725 2361 960 2406 desiderari
994 2377 1122 2419 supra
1155 2368 1528 2407 commemoratum
1561 2367 1638 2405 est.

344 2432 505 2475 Versus
536 2433 580 2474 in
612 2432 693 2474 fine
724 2432 852 2488 paulo
892 2433 1015 2476 huius
1060 2435 1119 2476 rei
1152 2435 1238 2476 alia
1270 2435 1378 2477 ratio
1412 2438 1489 2486 est,
1536 2447 1629 2476 eum
1663 2434 1767 2476 miro
1801 2432 1926 2476 modo
1955 2433 2079 2476 Miles
2122 2431 2332 2487 gloriosus
2364 2437 2407 2475 et
2438 2446 2465 2476 a
2495 2447 2541 2476 se
2573 2438 2617 2476 et

202 2517 229 2547 a
259 2500 426 2548 duabus
456 2501 631 2558 reliquis
653 2502 808 2547 fabulis
839 2503 1054 2548 discedat:
1089 2519 1183 2549 cum
1216 2506 1327 2549 euim
1350 2506 1619 2548 Trinummus
1651 2511 1694 2547 et
1716 2504 1949 2548 Pseudolus
1980 2505 2184 2548 breviatis
2216 2505 2439 2548 verborum
2472 2505 2617 2547 formis

203 2587 255 2618 eo
287 2587 435 2618 versus
455 2574 550 2618 loco
584 2581 772 2629 careant,
804 2576 927 2619 Miles
958 2576 1066 2631 glor.
1091 2590 1234 2620 earum
1267 2577 1444 2632 praebet
1466 2576 1623 2619 ibidem
1650 2574 1770 2629 duas,
1804 2576 1956 2629 quibus
1987 2576 2139 2632 plenae
2162 2581 2325 2619 tantum
2347 2589 2424 2619 sex
2455 2574 2616 2619 formae

202 2644 475 2703 respondent.

345 2717 558 2760 Plurimas
588 2722 729 2761 autem
763 2724 1007 2774 comparate
1040 2719 1214 2767 exhibet
1236 2719 1393 2763 formas
1424 2719 1614 2774 integras
1638 2717 1872 2762 Pseudolus
1905 2725 1947 2762 et
1978 2719 2019 2762 in
2049 2720 2290 2763 universum
2323 2724 2364 2762 et
2396 2732 2543 2763 versus
2574 2719 2617 2761 in

202 2787 285 2832 fine
316 2787 575 2845 reliquisque
607 2789 725 2833 loeis.

347 2859 468 2912 Quae
501 2861 643 2903 omnia
675 2861 918 2917 respicienti
953 2876 1028 2918 pro
1052 2868 1168 2907 certo
1200 2862 1413 2907 adfirmari
1447 2877 1570 2920 posse
1594 2862 1695 2905 mihi
1729 2863 1897 2906 videtur
1928 2863 2097 2907 fabulas
2114 2864 2403 2907 Trinummum
2436 2868 2479 2907 et
2510 2862 2617 2906 Mili-

202 2935 290 2975 tem
320 2931 552 2988 gloriosum
583 2937 684 2975 ante
716 2933 972 2978 Pseudolum
1006 2936 1270 2991 conscriptas
1301 2950 1394 2978 esse
1427 2949 1655 2989 earumque
1688 2949 1779 2978 esse
1812 2937 2100 2978 Trinunnnum
2133 2937 2427 2990 antiquiorem.

348 3075 383 3116 1)
409 3074 432 3110 l.
460 3084 491 3110 c.
518 3083 555 3121 p.
572 3074 659 3110 2192
689 3073 866 3120 „Terenz
892 3077 1117 3122 gebrant-ht
1146 3077 1411 3124 regelmassig
1439 3076 1502 3112 (lie
1523 3077 1766 3113 verkin-zum
1785 3078 2104 3114 Pert'ektt'ormen
2133 3079 2216 3114 und
2242 3082 2434 3126 gestattct
2451 3078 2535 3115 sich
2553 3077 2618 3114 die

206 3131 336 3171 vollen
364 3131 535 3170 Formen
563 3135 603 3170 in
632 3136 798 3170 t'reierer
825 3136 955 3171 Weise
983 3147 1060 3172 nur
1085 3147 1149 3172 am
1177 3137 1415 3172 Versendw.
