2835 3439
4 368 14 386 ι
39 345 84 409 ζ’
74 340 130 368 ””’·’<
184 354 316 389 nou
332 347 520 389 exstant.
582 342 747 387 Desunt
777 342 985 387 eiusmodi
1019 344 1222 389 Infinitivi
1254 346 1297 388 in
1329 345 1502 400 Troad„
1534 345 1662 402 Thy„
1694 345 1821 389 Herc.
1854 344 1950 389 Oet.

376 254 387 260 „
438 150 710 247 {metri
740 152 1005 258 anapaestiei
1048 199 1200 246 eodem
1243 201 1286 246 in
1329 200 1460 259 pede.
1497 207 1709 260 portasse
1737 164 2413 247 Οιιτ.’16’1φωσώνιαΜ
2449 257 2451 259 Ι
2723 219 2746 261 '.

231 255 376 339 {523⁰
405 261 515 319 Oed-
545 271 648 316 514.
680 269 782 316 838.
815 270 969 328 Agam.
1000 272 1102 317 492.
1137 274 1262 319 Here
1307 273 1389 318 fur.
1421 274 1522 318 216.
1554 273 1738 328 Phaedr.
1789 269 1918 332 141..]
1967 271 2178 317 Plenioris
2219 271 2383 317 formae
2451 281 2454 282 ’

361 412 414 471 4)
442 412 828 470 Plusquamperf.
859 412 965 459 Aet.
998 414 1106 460 Iud.
1158 417 1198 460 3.
1233 417 1397 472 Sing.·
1432 417 1580 474 [norat
1610 416 1724 460 Med.
1756 416 1856 460 334.
1890 414 2044 472 Oedip.
2076 415 2178 459 596.
2211 413 2394 459 Phaedr.
2423 409 2541 472 531}
2573 436 2633 445 -

179 486 261 530 3.
294 486 432 531 Plur.
466 485 647 542 [norant
678 484 773 530 Oet.
806 485 923 542 4001.
2639 533 2643 535 Α

361 556 412 612 5)
442 554 827 611 Plusqnamperf.
859 555 967 601 Aet.
1007 556 1139 602 Coni.
1192 562 1227 602 1
1262 560 1424 615 Singa:
1471 561 1512 602 in
1556 559 1667 615 pede
1710 559 1844 602 altero
1887 562 1987 601 ante
2030 570 2250 601 caesuram
2288 536 2633 612 semiquinariam

213 629 489 686 peierasse‘m
531 625 692 670 Phoen.
736 626 839 670 589.
873 628 1062 683 [nossem
1095 630 1255 673 Troad.
1287 631 1417 686 557..]
1459 656 1517 662 —
1553 632 1593 673 2.
1627 631 1793 685 Singa:
1843 630 2059 673 intrasses
2090 627 2274 671 Phaedr.
2307 627 2389 671 661
2438 627 2482 669 in
2523 624 2634 682 pede

221 698 390 754 quinto3
428 711 671 741 cremasses
702 698 830 741 Here.
854 697 949 742 Oet.
984 700 1065 742 851
1103 701 1144 742 in
1177 701 1311 744 altero
1340 701 1462 757 pede.
1486 726 1542 732 ——
1565 702 1604 744 3.
1630 701 1790 756 Sing.:
1824 704 2043 743 armasset
2063 699 2215 754 Agam.
2249 698 2358 751 2093
2391 697 2634 741 dubitasset

221 767 332 826 Thy.
367 768 473 822 7243
516 768 725 811 satiasset
755 768 882 812 Here.
918 768 1014 814 Oet.
1052 771 1164 813 1192
1209 771 1251 814 in
1292 772 1439 827 quinto
1483 771 1614 829 pede3
1661 771 1822 828 [nosset
1854 768 1963 814 Med.
2009 769 2097 813 652
2140 768 2184 812 in
2227 767 2310 812 fine
2354 781 2392 811 v.
2427 764 2634 825 Sapphici

221 838 424 895 minoris].
455 862 513 869 ——
545 839 586 881 3.
620 839 760 883 Plur.
794 841 1066 884 lacerassent
1098 842 1193 885 Oet.
1226 843 1311 886 637
1346 844 1388 886 in
1420 843 1528 900 pede
1561 844 1722 898 quinto.

362 909 412 965 6)
446 909 554 954 Fut.
587 911 745 955 exact.
797 913 833 954 1.
868 912 955 955 Sin
966 925 1029 968 g.:
1076 914 1117 955 in
1159 914 1269 969 pede
1314 916 1449 958 altero
1496 921 1593 959 ante
1639 928 1857 958 caesuram
1903 926 2123 969 occuparo
2156 911 2251 956 Oct.
2283 910 2390 964 5313
2431 910 2635 968 fundaro

222 982 317 1027 Oet.
350 983 439 1025 532
471 982 515 1024 in
547 983 697 1037 quinto
728 983 851 1039 pede.

364 1052 469 1097 Eius
499 1053 632 1108 igitur
652 1053 823 1108 generis
843 1054 958 1109 apud
982 1055 1190 1098 Senecam
1224 1058 1420 1112 exempla
1442 1058 1609 1100 omnino
1642 1057 1840 1110 leguntur
1872 1054 2183 1109 quinquaginta
2214 1053 2296 1095 tria
2317 1052 2493 1095 inclusis
2519 1051 2637 1105 quin-

222 1121 363 1166 decim
393 1118 541 1165 ferinis
572 1123 690 1164 verbi
722 1123 942 1177 noscendi,
976 1125 1130 1178 quibus
1162 1125 1400 1182 desumptis
1443 1132 1603 1170 restant
1634 1132 1730 1169 octo
1762 1132 1804 1168 et
1836 1126 2024 1179 triginta.
2088 1122 2293 1166 Eiusdem
2324 1122 2444 1165 verbi
2475 1122 2637 1165 formae

221 1191 306 1236 hue
337 1192 599 1249 pertinentes
631 1191 784 1236 desunt
814 1193 858 1235 in
890 1193 1050 1237 Phoen.
1084 1194 1194 1251 Thy.
1230 1197 1357 1240 Here.
1392 1197 1486 1241 Oet.
1509 1197 1724 1240 Minimum
1758 1196 2047 1252 exemplorum
2079 1207 2296 1237 numerum
2328 1192 2506 1249 praebet
2522 1190 2638 1247 Thy-

222 1268 337 1308 estes
368 1264 447 1318 (3),
477 1264 708 1307 maximum
741 1269 827 1308 tres
860 1265 1122 1320 tragoediae,
1156 1281 1265 1321 quae
1297 1268 1464 1322 Medea,
1503 1268 1712 1323 Phaedra,
1746 1267 1937 1323 Oedipus
1969 1266 2267 1319 inscribuntur,
2307 1278 2332 1308 e
2364 1264 2516 1319 quibus
2547 1276 2639 1318 sep-

222 1339 324 1378 tena
354 1333 553 1391 exempla
589 1334 860 1391 colliguntur.

366 1404 492 1457 Quod
523 1404 615 1447 dixi
648 1419 690 1462 p.
724 1407 750 1448 8
798 1405 853 1448 de
885 1406 1030 1449 formis
1071 1407 1306 1452 decurtatis
1338 1410 1607 1456 verisimilius
1648 1411 1693 1454 fit
1732 1425 1795 1464 eo,
1843 1409 1957 1465 quod
1991 1409 2150 1452 formae
2196 1407 2425 1465 ampliores
2467 1404 2512 1449 in
2555 1404 2639 1449 hae

224 1476 499 1535 paragrapho
532 1477 787 1521 tractandae
820 1478 946 1534 plane
979 1478 1144 1523 desunt.
