2835 3439
1294 858 1397 915 Cap.
1434 858 1508 902 ΙΙΙ.

202 1011 294 1066 De
320 1011 540 1067 formis
567 1011 934 1077 decurtatis
961 1026 1122 1080 quae
1148 1011 1731 1067 terminationum
1758 1010 2238 1068 deminutione
2266 1010 2603 1067 exsistunt.

1358 1155 1454 1207 §L

343 1236 470 1293 Apud
504 1236 726 1282 Plautum
759 1236 805 1290 l)
839 1236 965 1281 Perf.
990 1236 1091 1281 Act.
1124 1236 1321 1298 3.P1ur.
1355 1238 1517 1281 somnae
1549 1237 1850 1281 deminutae
1884 1237 2111 1281 obveniunt
2132 1238 2175 1281 in
2198 1237 2355 1282 fabulis
2386 1237 2469 1282 illis
2500 1236 2605 1282 bae:

203 1310 246 1361 a)
278 1309 320 1352 in
337 1309 589 1366 septenariis
607 1307 853 1352 trochaicis:
877 1310 1099 1352 attinuere
1117 1308 1203 1352 Mil.
1226 1309 1351 1352 1322.
1371 1334 1427 1340 —
1446 1310 1687 1353 accubuere
1704 1308 1789 1352 Mil.
1812 1309 1907 1352 751.
1928 1334 1978 1340 —
2000 1310 2238 1353 devinxere
2257 1308 2411 1354 Pseud.
2430 1309 2530 1353 200.
2549 1333 2606 1341 -

202 1379 248 1435 b)
280 1380 324 1423 in
345 1380 598 1437 septenariis
619 1380 834 1423 iambicis:
868 1381 1073 1423 adbibere
1096 1380 1180 1423 Mil.
1201 1381 1301 1423 879.
1335 1406 1388 1411 -
1424 1385 1463 1432 c)
1486 1381 1528 1424 in
1560 1381 1738 1425 senariis
1760 1380 1976 1424 iambicis:
2009 1382 2292 1439 transfuyere
2316 1380 2403 1424 Mil.
2420 1380 2521 1425 589.
2545 1404 2604 1412 -

201 1466 455 1497 succrevere.
498 1453 614 1496 Trin.
657 1454 726 1496 31.
761 1478 816 1484 -
848 1454 1116 1510 sus-pendere
1160 1453 1276 1497 Trin.
1309 1454 1408 1496 536.
1459 1452 1504 1507 (1)
1547 1453 1589 1496 in
1635 1454 1863 1497 octonariis
1906 1454 2206 1510 anapaesticis:
2256 1454 2433 1499 coluere
2477 1453 2604 1499 Pseu-

203 1523 287 1569 dol.
321 1524 420 1569 905.
454 1549 511 1555 -

344 1596 525 1640 Formae
568 1598 813 1652 integrae
857 1598 1053 1652 leguntur
1096 1599 1138 1650 a)
1168 1598 1210 1640 in
1254 1598 1507 1653 septenariis
1538 1596 1783 1640 trochaicis:
1829 1598 1915 1640 Mil.
1948 1598 2033 1640 270
2076 1602 2360 1654 crepuerunt.
2392 1621 2450 1628 —-
2482 1597 2604 1650 (328)

204 1675 568 1726 concrepuerunt.
605 1694 657 1699 —
694 1670 802 1711 1311
839 1670 1077 1712 iusserunt.
1110 1694 1167 1699 ——
1202 1669 1314 1712 1373
1338 1671 1563 1726 fecerunt.
1597 1694 1654 1699 —
1688 1669 1800 1711 1429
1833 1671 2050 1712 eaeierunt.
2083 1693 2140 1701 —
2172 1668 2372 1712 Pseudol.
2412 1670 2491 1712 721
2529 1669 2606 1712 ad-

199 1741 402 1798 fuerunt.
435 1764 492 1771 —
524 1740 641 1782 Trin.
675 1741 762 1783 625
794 1741 1076 1785 adstiterunt.
1111 1765 1167 1770 —
1198 1741 1286 1782 642
1318 1741 1617 1783 tradiderunt.
1649 1765 1706 1770 —
1743 1741 1850 1783 1037
1878 1742 2206 1797 perduoeerunt.
2239 1765 2295 1771 —
2328 1741 2372 1793 b)
2405 1741 2448 1782 in
2469 1745 2604 1797 septe-

203 1810 334 1854 nariis
365 1811 578 1854 iambicis:
619 1812 707 1853 Mil.
739 1812 844 1866 glor.
878 1812 965 1853 410
998 1818 1277 1868 crepuerunt.
1312 1835 1369 1841 —
1405 1812 1517 1854 1265
1542 1813 1875 1868 praeciderunt.
1910 1836 1964 1841 —
2009 1814 2049 1865 c)
2082 1811 2125 1853 in
2169 1811 2347 1854 senariis
2389 1811 2603 1854 iambicis:

203 1883 291 1927 Mil.
323 1883 382 1925 60
412 1884 812 1940 reprehenderunt3
846 1884 1073 1926 dioeerunt.
1107 1908 1163 1913 —
1184 1883 1333 1936 (1388)
1366 1884 1569 1925 oderunt.
1603 1908 1658 1914 -—
1685 1882 1879 1925 Pseudol.
1915 1883 1999 1925 818
2032 1884 2267 1925 triverunt.
2302 1907 2355 1914 —-
2389 1882 2477 1925 539
2508 1897 2605 1926 con-

204 1960 450 1997 senserunt.
485 1979 538 1985 -—-
572 1955 688 1996 Trin.
722 1954 809 1996 535
841 1956 1059 1996 abierunt.
1094 1979 1150 1984 —
1183 1954 1227 2006 d)
1260 1954 1301 1996 in
1333 1955 1585 2010 septenariis
1617 1955 1920 2010 anapaesticis:
1953 1955 2038 1996 Mil.
2078 1955 2190 1996 1085
2221 1956 2517 2010 subleqerunt.
2556 1979 2600 1985 —

205 2027 244 2079 e)
277 2025 320 2069 in
352 2026 580 2069 octonariis
611 2025 918 2082 anapaesticis:
966 2023 1162 2068 Pseudol.
1197 2025 1281 2069 907
1315 2031 1575 2083 qenuerunt.
1612 2052 1662 2057 —
1697 2025 1734 2078 f)
1767 2027 1808 2069 in
1841 2030 2088 2069 tetrametro
2120 2024 2374 2069 baechiaco:
2408 2023 2607 2070 Pseudol.

209 2096 321 2141 1106
353 2097 637 2141 abdiderunt.

347 2167 619 2224 Computanti
663 2168 771 2210 ratio
804 2167 982 2210 efficitur
1014 2168 1128 2210 8:20
1149 2169 1365 2222 :1:2,5.
1430 2168 1562 2211 Multo
1595 2170 1724 2224 igitur
1764 2168 1884 2211 huius
1915 2181 2121 2224 personae
2153 2167 2497 2224 praeponderant
2526 2167 2608 2212 for·

207 2252 303 2282 mae
335 2238 567 2295 legitimae.
617 2238 794 2281 Formas
825 2243 964 2280 autem
989 2239 1284 2281 terminatione
1306 2238 1546 2282 deminutas
1579 2244 1730 2295 poetae
1752 2239 1860 2281 adeo
1890 2238 2170 2295 displicuisse,
2203 2243 2263 2293 ut,
2296 2239 2331 2281 si
2363 2238 2449 2281 ullo
2480 2238 2608 2282 modo

204 2310 294 2351 fieri
325 2314 484 2366 posset,
532 2322 606 2352 eas
637 2310 805 2363 vitaret,
850 2314 892 2350 et
923 2309 1022 2350 inde
1053 2314 1246 2364 apparet,
1292 2309 1404 2364 quod
1437 2310 1650 2365 pleniores
1686 2311 1842 2352 formas
1874 2310 2063 2366 plurimis
2095 2310 2199 2352 locis
2229 2310 2371 2365 posuit
2402 2309 2519 2352 nulla
2562 2322 2609 2353 re

206 2386 380 2423 coactus
424 2380 542 2422 velut
573 2380 659 2420 Mil.
693 2381 793 2421 270.
826 2381 925 2420 410.
959 2380 1057 2420 328.
1091 2379 1290 2421 Pseudol.
1323 2380 1423 2421 539.
1469 2381 1584 2421 Trin.
1618 2382 1705 2422 642
1750 2384 1865 2432 (ante
1909 2380 2148 2421 ‹liliaeresin
2192 2380 2279 2421 Mil.
2316 2381 2442 2422 1311.
2480 2381 2609 2422 1429.

206 2451 404 2493 Pseudol.
438 2452 537 2493 721.
570 2451 687 2493 Trin.
724 2451 853 2504 1037)
886 2456 928 2492 et
960 2464 1024 2504 eo,
1057 2450 1169 2504 quod
1202 2463 1284 2491 uno
1316 2451 1423 2502 loco,
1468 2464 1549 2505 quo
1581 2452 1877 2493 terminatione
1918 2451 2137 2493 deminuta
2180 2456 2314 2493 metro
2358 2451 2610 2494 satisfacere

206 2527 388 2578 poterat,
427 2522 567 2565 medio
600 2524 642 2564 in
676 2523 805 2565 verbo
837 2523 976 2578 potius
1008 2522 1300 2564 decurtatione
1332 2536 1430 2565 usus
1463 2528 1539 2576 est,
1572 2529 1618 2564 ut
1649 2523 1817 2577 plenam
1862 2522 1985 2564 huius
2016 2535 2222 2577 personae
2267 2522 2609 2566 terminationem

206 2598 415 2637 servaret:

652 2666 740 2708 Mil.
777 2667 889 2708 1429
921 2667 1019 2708 nam
1051 2670 1272 2721 postquam
1305 2670 1428 2721 porta
1459 2666 1666 2719 exierunt,
1698 2666 1755 2707 nil
1788 2671 2016 2708 cessarunt
2048 2666 2162 2720 ilico,

206 2736 278 2778 ubi
310 2737 430 2780 salvo
462 2742 595 2780 metro
627 2738 755 2779 etiam
786 2737 949 2780 formae
985 2740 1257 2791 „cessat-er&
1295 2737 1412 2779 loeus
1443 2736 1605 2779 fuisset.

349 2807 525 2852 Formas
556 2808 599 2850 in
635 2807 775 2863 „·ere“
811 2812 1015 2852 exeuntes
1044 2807 1331 2851 tantummodo
1363 2808 1424 2849 ita
1447 2808 1623 2851 Plautus
1651 2807 1841 2861 adhibet,
1874 2813 1919 2850 ut
1957 2809 2107 2851 ultima
2139 2809 2258 2852 verbi
2290 2809 2457 2864 syllaba
2487 2823 2611 2864 syna-

207 2877 362 2932 loepha
392 2884 621 2923 evanescat
653 2884 770 2922 etue
793 2881 854 2922 ita
875 2879 1060 2933 quidem,
1092 2880 1126 2922 si
1155 2879 1238 2921 alio
1269 2877 1394 2920 modo
1427 2891 1591 2921 versum
1613 2892 1760 2921 sanum
1792 2879 1959 2922 efficere
1995 2884 2139 2934 potest
2168 2880 2195 2922 i.
2219 2893 2257 2922 e.
2289 2884 2453 2922 tantum
2483 2879 2611 2923 modo

207 2959 352 2991 eorum
383 2949 622 3004 verborum,
656 2964 830 3005 quorum
862 2949 1059 2993 Perfecta
1091 2949 1273 2993 formata
1315 2952 1411 2992 sunt
1442 2948 1672 3012 secundum
1705 2949 1872 2992 tertiam
1918 2963 2042 3004 quam
2075 2949 2223 2994 dicunt
2254 2950 2609 3008 coniugationem.

207 3018 318 3062 Nam
349 3020 393 3063 in
425 3033 549 3064 versu
581 3022 697 3065 Trin.
732 3022 785 3064 31
2563 3020 2565 3022 ’

902 3083 1023 3148 (Quasi
1055 3092 1187 3137 herba
1217 3093 1384 3148 inrigua
1413 3106 1665 3137 succrevere
1696 3092 1918 3138 uberrume
