2835 3439
1292 69 1422 156 '²11

203 246 225 290 λ’
300 242 542 293 *Exeunte-
564 233 690 289 rersu
721 241 916 288 videmus
947 243 1235 287 Trinummum
1268 247 1312 287 et
1333 242 1587 288 Pseudolum
1619 242 1799 288 eundem
1832 243 1920 288 fere
1951 258 2167 287 numerum
2200 244 2418 302 plenarum
2451 245 2600 290 forma-

197 333 288 366 mm
319 319 525 377 praebere
556 317 598 360 in
631 315 823 359 diverbio
856 329 978 370 quem
1011 316 1053 358 in
1086 316 1279 371 canticis,
1319 315 1495 358 Militem
1528 316 1755 371 gloriosum
1788 324 1928 359 autem
1963 318 2022 370 (in
2056 330 2140 371 qua
2184 318 2309 359 unica
2340 317 2485 360 sabula
2514 330 2600 360 mu-

134 390 151 401 ”
197 393 300 438 tatis
330 389 467 435 modis
499 388 666 432 cantica
693 387 1006 440 desiderantur)
1036 387 1256 444 quintuplo
1288 388 1441 445 plures.
1490 387 1585 439 Qua
1617 401 1661 430 re
1682 388 1826 430 nescio
1858 402 1911 430 an
1944 389 1986 430 in
2019 389 2258 431 universum
2291 388 2436 444 colligi
2466 389 2602 444 possit

197 464 420 521 plerasque
452 461 609 504 formas
640 459 730 502 eius
769 460 938 513 generis
969 459 1041 501 illo
1073 472 1219 502 versus
1250 460 1343 502 loco
1387 453 1823 502 diverbioobvenire.
1886 460 2077 516 Reliquis
2123 464 2263 504 autem
2309 472 2465 530 versus·
2497 459 2603 505 locis

197 534 384 580 maxima
414 545 515 592 pars
547 544 689 574 earum
722 529 765 573 in
797 530 931 574 tribus
961 530 1115 575 nostris
1147 530 1377 577 comoediis
1409 531 1619 575 invenitur
1650 530 1691 574 in
1726 531 1916 575 canticis.

1347 725 1445 778 §2

339 820 427 864 Iam
461 834 487 864 a
519 818 736 862 Sarsinate
768 819 1029 875 praeteriens
1067 818 1121 862 ad
1155 817 1499 863 Cordubensem
1547 820 1699 863 seclusi
1748 821 1787 863 in
1835 820 1914 863 hac
1947 820 2216 875 paragrapho
2250 820 2366 862 verbi
2399 818 2601 862 noscendi

199 892 357 937 formas
389 895 643 944 contractas,
690 904 794 947 quas
826 904 1051 946 numquam
1093 892 1258 935 Seneca
1302 905 1383 934 non
1427 891 1619 934 adhibuit
1664 897 1844 948 excepto
1892 905 2013 934 versu
2046 891 2197 947 Oedip.
2232 892 2332 944 272,
2378 891 2447 933 ubi
2481 889 2602 933 metri

199 976 328 1008 causa
348 959 570 1017 „noverit“
588 963 633 1012 ¹).

339 1032 561 1090 Exempla,
586 1046 693 1089 quae
716 1039 964 1090 temporum,
988 1032 1218 1087 modorum,
1249 1047 1518 1089 personarum
1542 1034 1688 1078 ordine
1711 1033 1922 1087 adscribo,
1958 1034 2116 1078 contuli
2140 1033 2267 1077 haec:

341 1104 387 1160 l)
419 1104 550 1149 Pers.
586 1103 688 1149 Aet.
722 1104 927 1149 Iudicat.
976 1106 1015 1149 2.
1050 1104 1212 1160 Sing.:
1251 1107 1293 1149 a]
1326 1105 1366 1149 in
1392 1106 1524 1162 primo
1558 1105 1687 1162 pede:
1720 1106 1915 1163 aqitasti,
1939 1104 2092 1161 Oedip.
2117 1105 2216 1148 844.
2251 1131 2307 1136 —
2340 1105 2384 1156 b)
2418 1105 2459 1147 in
2492 1102 2603 1161 pede

197 1178 349 1221 altero:
389 1178 590 1234 aequasti
623 1178 773 1231 Agant.
807 1177 892 1220 812
926 1179 1096 1233 (tetrap.
1130 1176 1359 1232 logaoed.).
1407 1203 1453 1207 —
1511 1179 1651 1221 litas-ti
1685 1179 1808 1221 Here.
1856 1178 1934 1221 fur.
1980 1179 2101 1220 10:59.
2137 1204 2194 1209 —
2227 1178 2468 1220 immolasti
2500 1177 2604 1220 Tro-

198 1249 267 1294 ad.
312 1249 413 1293 249.
445 1274 501 1280 —
541 1250 703 1292 amasti
749 1248 930 1292 Phaedr.
980 1250 1075 1292 117.
1109 1274 1166 1280 -
1205 1251 1430 1307 occupasti
1475 1250 1598 1293 Herc.
1645 1250 1738 1294 Oet.
1786 1251 1883 1293 763.
1916 1252 2175 1307 —putasti
2220 1250 2330 1306 Thy.
2381 1251 2507 1292 1110.
2547 1274 2603 1280 —

199 1324 238 1374 e)
281 1322 324 1364 in
367 1320 478 1377 pede
523 1321 688 1375 quinto:
735 1322 916 1364 intrasti
959 1321 1084 1364 Here.
1131 1321 1225 1365 Oet.
1262 1322 1389 1364 1779.
1421 1347 1479 1353 -
1512 1322 1642 1378 [nosti
1687 1322 1810 1365 Herc.
1857 1322 1934 1365 fur.
1968 1323 2068 1364 480.
2107 1321 2263 1377 1191.].
2296 1346 2353 1352 -—
2386 1321 2603 1364 Pleniores

199 1393 322 1437 huius
354 1405 561 1448 personae
594 1391 752 1439 ‚formae
787 1406 868 1434 uon
902 1392 1185 1435 inveniuntur.
2399 1413 2402 1416 *

340 1464 472 1507 Deest
503 1463 635 1518 igitur
678 1463 757 1506 hoc
792 1464 1092 1507 contractionis
1123 1478 1256 1518 genus
1288 1465 1331 1507 in
1363 1464 1620 1516 Phoenissis,
1661 1464 1823 1517 Medea,
1870 1465 2063 1508 Octavia.
2128 1464 2324 1508 Occurrit
2356 1464 2398 1507 in
2431 1464 2603 1519 reliquis

199 1535 433 1591 tragoediis
464 1536 592 1578 semel
626 1537 665 1577 in
701 1537 880 1588 cantico,
917 1536 1103 1591 septiens
1134 1537 1177 1577 in
1222 1538 1401 1579 senario.
1466 1538 1623 1579 Versus
1656 1538 1793 1579 locum
1826 1538 1989 1579 obtinet
2021 1537 2150 1579 semel
2183 1538 2377 1593 primum,
2411 1536 2601 1590 quintum

198 1607 340 1660 semel,
385 1607 554 1650 sexiens
586 1606 763 1649 alterum
797 1607 823 1648 i.
848 1620 883 1648 e.
930 1612 1026 1649 ante
1061 1621 1278 1650 caesuram
1313 1608 1668 1662 semiquinariam,
1715 1623 1839 1663 quam
1874 1614 1918 1651 ut
1950 1608 2254 1663 adsequeretur
2286 1608 2477 1651 Senecae
2509 1621 2602 1662 gra-

198 1679 413 1722 vissimam
447 1692 618 1721 eausam
651 1678 780 1721 fuisse
813 1678 1008 1728 arbitror,
1042 1692 1116 1720 eur
1148 1679 1293 1721 solitas
1326 1680 1645 1723 terminationes
1678 1682 1845 1721 vitaret.
2296 1690 2297 1695 ¹

411 1750 451 1791 2.
475 1748 610 1791 Plur.
650 1753 849 1802 quattuor
881 1749 1073 1804 exempla
1107 1749 1395 1792 inveniuntur:
1435 1751 1636 1793 donastis
1669 1750 1827 1792 Phoen.
1845 1752 1931 1792 ‘233
1954 1752 1995 1792 in
2024 1750 2134 1806 pede
2157 1751 2307 1805 primo.
2332 1775 2387 1780 -
2409 1750 2601 1806 neyastis

200 1821 325 1864 Herc.
359 1819 453 1864 Oet.
490 1820 601 1863 1416
646 1820 689 1862 in
733 1820 867 1862 altero
912 1819 1021 1876 pede
1066 1826 1162 1862 ante
1209 1833 1442 1863 caesuram.
1475 1846 1532 1851 —
1565 1823 1765 1864 violastis·
1798 1822 1954 1864 Troad.
1988 1822 2074 1864 669
2119 1822 2160 1864 in
2195 1821 2340 1875 quinto
2388 1820 2511 1876 pede.
2545 1846 2600 1850 —

199 1892 459 1934 vindicastis
490 1890 601 1933 Med.
635 1891 720 1933 668
754 1904 899 1933 versus
931 1891 1135 1947 Sapphiei
1180 1892 1354 1934 minoris
1385 1892 1427 1934 in
1460 1893 1554 1934 fine.
1588 1918 1641 1922 —
1676 1893 1740 1936 Ne
1772 1892 1896 1935 huius
1929 1892 2097 1947 quidem
2143 1906 2347 1948 personae
2392 1895 2601 1947 apparent

199 1963 517 2006 terminationes
548 1963 787 2019 ampliores.

341 2018 651 2078 Desunt‘huius
673 2034 842 2090 generis
874 2034 1035 2078 formae
1068 2034 1111 2077 in
1140 2035 1265 2078 Here.
1289 2035 1384 2089 fur„
1418 2035 1610 2089 l'haedr.‚
1645 2035 1812 2091 Oedip„
1848 2036 2012 2090 Agant„
2047 2035 2172 2091 Thy„
2206 2035 2399 2078 Octavia.
2461 2034 2599 2078 Unum

199 2107 329 2163 igitur
359 2107 598 2163 exemplum
631 2107 844 2150 invenitur
875 2107 917 2149 in
950 2107 1117 2150 cantico
1150 2112 1331 2150 exeunte
1363 2121 1500 2161 versu,
1539 2108 1620 2151 tria
1652 2108 1694 2150 in
1726 2107 1905 2150 senario.

411 2179 452 2221 3.
486 2179 618 2220 Plur.
652 2192 776 2220 unum
802 2178 1041 2234 exemplum
1065 2179 1231 2234 repperi
1264 2180 1306 2220 in
1338 2179 1471 2221 altero
1504 2179 1614 2235 pede
1645 2178 1822 2223 senarii:
1855 2180 2060 2221 levarant
2093 2177 2248 2220 Troad.
2282 2178 2381 2231 696,
2414 2176 2485 2219 ubi
2519 2176 2601 2219 hoe

200 2251 501 2293 contractionis
532 2264 667 2305 genus
695 2256 867 2306 propter
899 2251 1077 2293 eandem
1111 2264 1327 2294 caesuram
1360 2251 1700 2305 semiquinariam
1725 2251 1905 2307 positum
1939 2255 2014 2293 est.
2082 2250 2261 2305 [norant
2284 2248 2601 2292 lumem-,1212

200 2321 428 2377 septenarii
460 2322 667 2364 trochaici
700 2324 742 2364 in
774 2327 894 2365 sexto
927 2322 1066 2377 pede]

340 2392 388 2447 2)
421 2392 551 2436 Pers.
584 2392 689 2435 Act.
722 2392 968 2436 Coniunct.
1013 2394 1051 2434 2.
1077 2393 1239 2447 Sing.:
1266 2394 1455 2449 pararis
1488 2393 1598 2448 Thy.
1636 2394 1761 2435 1106.
1809 2418 1866 2422 —
1913 2394 1953 2434 3.
1986 2393 2147 2446 Sing.:
2182 2393 2499 2434 contaminarit
2522 2390 2601 2434 Oe—

200 2461 288 2518 dip.
321 2463 425 2516 3893
460 2465 660 2520 efferarit
693 2464 853 2505 Phoen.
887 2465 994 2516 2063
1029 2466 1227 2520 eoepiarit
1259 2464 1440 2506 Phaedr.
1477 2465 1581 2505 718:
1623 2478 1731 2518 quae
1764 2464 1922 2505 formae
1968 2477 2111 2504 omnes
2144 2476 2362 2505 caesuram
2408 2463 2603 2518 semiqui-

199 2535 360 2575 nariam
394 2536 593 2588 efficiunt,
636 2537 754 2578 cuius
786 2550 838 2577 ne
870 2538 1075 2577 iacturam
1109 2537 1268 2577 faceret
1302 2536 1505 2576 Senecam
1539 2541 1640 2589 puto
1674 2549 1842 2589 prorsus
1887 2536 2043 2575 vitasse
2089 2535 2245 2575 formas
2290 2535 2483 2588 integras
2527 2547 2604 2589 per

199 2617 244 2646 se
289 2618 339 2646 eo
383 2619 529 2649 versus
573 2607 666 2647 loco
712 2620 948 2649 concessas.
982 2632 1039 2635 —
1071 2608 1111 2648 .‘3.
1136 2607 1269 2648 Plur.
1314 2605 1479 2660 [norint
1512 2605 1664 2659 Oedip.
1713 2606 1796 2646 749
1843 2605 2075 2646 tetrametri
2121 2605 2385 2659 anapaestici
2418 2605 2461 2646 in
2493 2605 2604 2661 pede

200 2674 370 2730 tertio.].
607 2709 616 2716 .

341 2745 389 2801 3)
422 2746 553 2791 Pers.
587 2747 690 2792 Act.
724 2748 983 2792 Infinitiv.:
1016 2751 1058 2801 a)
1082 2749 1123 2791 in
1146 2748 1254 2804 pede
1279 2749 1431 2804 primo:
1465 2762 1678 2790 remeasse
1703 2747 1853 2801 Agum.
1877 2747 1976 2789 580.
2002 2771 2053 2776 --
2081 2761 2228 2789 erasse
2251 2746 2412 2789 Phoen.
2430 2748 2529 2789 515.
2548 2772 2605 2778 ——

200 2822 402 2873 captasse
434 2818 617 2862 Phaedr.
650 2821 749 2862 520.
783 2845 840 2850 ——
872 2821 1086 2876 spoliasse
1119 2820 1228 2864 Med.
1253 2820 1352 2862 913.
1376 2845 1432 2849 -
1464 2835 1662 2861 armasse
1685 2818 1796 2860 Med.
1820 2820 1920 2860 914.
1959 2845 2005 2849 —
2043 2834 2243 2861 servasse
2275 2819 2389 2862 Med.
2422 2821 2523 2861 228.
2547 2843 2605 2849 —

201 2889 244 2940 b)
273 2889 317 2930 in
348 2890 458 2945 pede
490 2891 643 2933 altero:
679 2893 919 2947 imperasse
953 2893 1077 2934 Herc.
1111 2892 1187 2934 fur.
1221 2892 1290 2933 (33.
1324 2916 1379 2920 —
1414 2892 1453 2942 c)
1486 2891 1527 2932 in
1561 2890 1669 2946 pede
1702 2891 1825 2931 tertio
1855 2891 2029 2932 senarii:
2058 2905 2267 2946 peccasse
2301 2892 2381 2945 Ag.
2415 2891 2514 2933 243.
2547 2915 2605 2920 —

200 2961 439 3003 celebrasse
458 2962 553 3004 Oet.
573 2964 671 3005 708.
695 2987 752 2992 —-
774 2978 971 3005 ser-casse
995 2964 1103 3005 Med.
1123 2964 1221 3016 243,
1256 2963 1406 3016 quibus
1438 2963 1541 3003 locis
1563 2962 1697 3003 forma
1724 2962 1918 3003 breviata
1952 2962 2130 3003 efficitur
2153 2975 2330 3004 caesura
2362 2963 2605 3018 semisepte-

343 3112 377 3155 1)
397 3113 606 3150 Breviatas
632 3118 781 3151 formas
803 3128 950 3162 „nossa
979 3118 1152 3152 nos-senff
1183 3117 1232 3151 dc
1252 3117 1445 3151 industria
1469 3116 1650 3150 Plautum
1673 3117 1820 3150 vitasse
1847 3116 1924 3150 iam
1948 3116 2233 3151 animadvertit
2249 3115 2605 3152 Fleckeisenus

201 3171 328 3214 (Neue
352 3172 491 3209 Jahrb.
517 3174 620 3211 XCV
647 3175 766 3222 [1867]
793 3188 829 3222 p.
844 3177 939 3219 632).
