2835 3439
929 0 1014 25 ’ww
1032 6 1037 14 ι
1051 0 1391 32 wsssszzwaaffzzgazxvwis
1446 0 1455 8 ¹
1483 10 1503 22 ,-

1075 22 1080 27 ‘
1134 23 1274 51 ..zzz-2205*
1445 26 1452 33 =
1536 35 1546 42 .

1277 33 1344 52 «ἤι’
1379 43 1417 91 ⁷

294 227 307 235 .
586 206 596 218 .
627 169 749 219 redi.-
780 173 908 220 Herc.
939 173 1019 220 fur.
1050 175 1152 220 612.
1184 175 1311 222 Herc.
1345 177 1441 222 Oet.
1466 178 1537 221 22.
1568 176 1640 220 48.
1674 175 1774 220 795.
1809 175 1935 220 1162.
1967 175 2169 233 —petit
2199 173 2312 219 Med.
2334 132 2438 218 248.
2470 171 2596 218 Hm

153 291 157 296 ,
190 244 304 306 βαι.
325 214 453 292 1843.
483 226 531 299 2)
561 243 692 291 Perf.
724 247 766 290 2.
798 245 941 304 Sing.
972 245 1166 307 soi-maes
1166 254 1414 294 contractae
1452 249 1639 305 quinque
1669 253 1907 302 occurrunt,
1939 252 2139 303 quattuor
2168 247 2213 290 in
2245 245 2440 300 senariis,
2471 245 2598 289 unica

156 347 158 349 >
194 319 239 363 in
259 318 456 362 cantico:
488 318 531 370 a)
563 317 606 360 in
637 317 771 361 altero
803 318 934 375 pede:
959 320 1116 376 petisti
1145 320 1297 376 Agam
1319 320 1402 363 371
1440 320 1557 373 (dim.
1590 333 1716 376 anap.
1720 322 1749 374 )‚
1782 319 1908 361 Herc.
1941 319 2036 362 Oet.
2067 319 2169 361 551.
2201 341 2261 349 —-
2290 317 2450 360 redisti
2470 314 2598 359 Herc.

171 389 290 435 Oet.
322 389 422 432 982.
457 388 501 441 b)
531 387 575 431 in
607 389 753 442 quinto
785 388 914 445 pede:
948 392 1117 433 audisti
1148 390 1299 446 Octav,
1327 392 1428 434 848.
1461 415 1518 421 —
1542 391 1720 447 punisti
1751 389 1933 432 Phaedr.
1970 391 2094 431 1194.
2128 391 2173 443 3)
2206 387 2336 431 Perf.
2374 389 2412 430 1.
2444 387 2597 430 Plur.:

192 462 392 505 redimus
422 460 549 503 Herc.
574 459 655 502 fur.
692 461 816 503 1143.
851 460 1033 504 Phaedr.
1071 463 1197 505 1213.
1241 462 1451 515 4)-Perf.
1486 463 1525 504 2.
1560 462 1712 504 Plur.:
1746 462 1937 503 audistis
1968 462 2094 503 Herc.
2122 461 2216 504 Oet.
2239 460 2341 503 294.
2389 459 2434 512 5)
2467 458 2598 502 Pers.

193 530 459 574 Infinitivi
492 529 689 586 exempla
710 534 932 573 contracta
964 536 1060 574 octo
1092 533 1360 575 inveniuntur
1391 534 1433 585 a)
1465 533 1507 574 in
1540 533 1674 588 primo
1699 531 1830 588 pede:
1863 533 2000 574 obisse
2033 531 2184 588 Ocdip.
2210 532 2307 574 765.
2341 555 2399 561 —
2423 531 2599 587 perisse

193 602 346 658 Agam.
367 601 494 644 1009.
517 625 575 631 —
598 602 742 644 emisse
759 601 870 644 Med.
893 603 994 645 281.
1016 627 1074 633 —
1095 605 1283 646 nescisse
1297 603 1448 660 Oedip.
1472 604 1581 653 514;
1614 603 1657 655 b)
1680 603 1722 644 iu
1744 603 1877 645 altero
1899 602 2030 659 pede:
2059 604 2229 659 perisse
2245 601 2403 644 Troad.
2421 601 2522 644 490.
2540 625 2600 632 -

193 674 361 716 redisse
383 673 518 715 Herc.
565 672 661 715 Oet.
694 673 794 715 807.
828 674 953 715 Herc.
988 674 1066 716 fur.
1099 676 1204 728 6403
1259 678 1300 728 c)
1345 672 1546 717 in'tertio
1585 674 1714 730 pede:
1761 676 1900 716 obisse
1933 674 2116 716 Phaedr.
2148 675 2248 715 998.
2280 698 2338 703 -
2369 674 2410 716 6.
2445 673 2599 716 Plus-

194 743 575 800 quamperfecti
609 743 768 786 Indic.
801 744 994 786 3.Plur.
1028 746 1265 801 exemplum
1298 745 1610 800 coniugationis
1643 746 1683 786 in
1721 744 1793 795 ‚,e“
1829 745 2036 787 formatae
2069 745 2236 786 unicum
2265 745 2442 800 praebet
2470 744 2599 788 Octa-

193 816 264 859 via
294 816 337 857 in
369 816 515 869 quinto
547 814 677 870 pede:

716 886 866 929 Octav.
900 887 1009 929 401:
1043 901 1125 930 non
1157 901 1276 930 arma
1305 893 1468 942 gentes,
1503 888 1676 942 cingere
1707 886 1952 930 ‘assuerant'
1984 899 2083 929 suas

195 968 307 1023 quod
328 968 502 1012 verbum
524 982 575 1012 eo
597 969 691 1012 loco
708 970 751 1012 in
773 974 859 1012 tres
887 970 1076 1025 syllabas
1098 970 1322 1025 corripitur
1344 972 1653 1023 (assverant)¹).
1705 970 1747 1021 7)
1772 968 2184 1024 Plusquamperf.
2208 968 2345 1011 Coni.
2372 971 2408 1011 1.
2431 969 2518 1011 Sin
2530 983 2594 1024 g.:

108 1061 118 1067 ·
192 1041 399 1097 petissem
430 1039 587 1084 Troad.
620 1040 708 1084 555
745 1041 915 1084 ineunte
948 1056 1082 1085 versu.
1144 1042 1187 1094 8)
1221 1041 1622 1097 Plusquamperf.
1657 1040 1794 1084 Coni.
1827 1041 1868 1084 3.
1902 1040 2062 1095 Sing.:
2097 1042 2259 1083 exisset
2291 1040 2400 1083 Med.
2433 1042 2521 1084 955
2551 1041 2595 1083 in

193 1126 340 1157 versus
369 1112 504 1156 initio.
536 1137 594 1143 —
618 1114 804 1169 petisset
834 1112 948 1156 Med.
985 1115 1097 1156 1010
1129 1114 1171 1156 in
1203 1114 1337 1157 altero
1369 1113 1478 1170 pede
1510 1113 1722 1166 senarii2).

334 1183 462 1227 Talia
492 1184 623 1240 igitur
654 1185 849 1241 exempla
880 1185 1048 1228 omnino
1079 1189 1242 1242 septem
1275 1190 1318 1228 et
1348 1185 1500 1241 viginti
1534 1184 1810 1241 reperiuntur,
1844 1197 2018 1239 quorum
2052 1197 2128 1227 sex
2159 1183 2336 1226 metrica
2367 1197 2496 1227 causa
2528 1197 2596 1227 va·

194 1260 306 1299 cant.
368 1255 588 1311 Leguntur
618 1269 694 1299 sex
726 1261 769 1298 et
801 1256 953 1311 viginti
998 1256 1040 1299 in
1086 1256 1294 1311 diverbio,
1340 1270 1466 1299 unum
1511 1261 1652 1299 exstat
1694 1257 1737 1298 in
1782 1256 1948 1298 cantico
1980 1256 2324 1310 Agamemnonis.
2387 1255 2595 1310 Pleraque

193 1332 290 1370 sunt
321 1327 648 1382 compositorum
680 1328 798 1369 verbi
831 1328 958 1369 eundi
982 1329 1087 1382 (17),
1121 1341 1272 1370 novem
1304 1329 1528 1370 verborum
1550 1330 1591 1369 in
1616 1328 1812 1369 Perfecto
1844 1333 2036 1380 quartam
2060 1339 2184 1380 quam
2217 1326 2364 1368 dicunt
2395 1327 2593 1382 coniuga-

193 1398 351 1441 tionem
394 1399 658 1452 sequentium
702 1397 883 1453 (audire,
926 1400 1104 1453 nescire,
1149 1400 1310 1455 punire,
1352 1394 1532 1455 petere),
1577 1399 1746 1441 unicum
1790 1399 1947 1454 petitur
1990 1411 2043 1440 ex
2088 1399 2386 1453 coniugatione
2422 1398 2465 1440 in
2514 1398 2588 1450 „e“

192 1468 387 1512 formata.

334 1540 425 1583 Iam
471 1552 566 1583 cum
610 1540 749 1583 animo
794 1539 1054 1597 complector
1097 1540 1304 1596 quidquid
1349 1554 1403 1585 ex
1447 1540 1528 1584 hoc
1560 1540 1746 1584 locorum
1789 1546 2019 1597 conspectu
2052 1540 2243 1593 efficitur,
2277 1540 2318 1582 in
2351 1540 2589 1584 universum

193 1610 322 1654 statui
353 1609 483 1655 licere
521 1611 720 1655 arbitror:
765 1612 944 1668 primum
976 1625 1178 1655 summam
1211 1612 1400 1656 Senecae
1433 1612 1570 1668 legem
1603 1612 1732 1655 fuisse
1776 1612 2011 1655 sententiae
2045 1612 2402 1668 perspicuitatem,
2435 1610 2590 1655 deinde

193 1682 255 1725 ita
286 1695 380 1725 eum
412 1683 455 1725 in
487 1682 609 1726 huius
640 1683 754 1726 modi
787 1684 929 1726 formis
960 1684 1159 1726 brevitati
1191 1684 1418 1738 studuisse,
1452 1684 1661 1739 pleniores
1694 1689 1739 1725 ut
1772 1696 1854 1725 non
1886 1683 2110 1727 adhiberet
2141 1683 2221 1725 nisi
2253 1688 2385 1725 metro
2416 1688 2591 1726 coactus

193 1758 267 1796 aut
297 1755 533 1798 sententiae
572 1756 866 1811 ambiguitate.
929 1756 1120 1812 Apparet
1152 1756 1283 1810 igitur
1313 1756 1437 1798 unico
1470 1755 1564 1798 loco
1597 1755 1778 1798 Phaedr.
1813 1756 1893 1797 221
1930 1754 2074 1797 ‘adiit’
2105 1755 2418 1811 perspicuitatis
2461 1768 2590 1798 causa

193 1825 370 1869 sormam
402 1839 497 1869 eum
528 1825 775 1871 adhibuisse
806 1827 1067 1884 ampliorem.
2245 1819 2250 1823 ⁴

335 1898 454 1950 Quae
498 1913 581 1953 quo
624 1899 793 1943 facilius
825 1904 1147 1954 cognoscantur,
1193 1899 1302 1942 hanc
1348 1900 1536 1943 tabulam
1568 1899 1723 1954 adicio,
1770 1913 1853 1954 qua
1883 1900 2044 1942 formae
2075 1900 2333 1941 Annaeanae
2370 1913 2515 1942 omnes
2547 1900 2588 1942 in

192 1966 274 2012 hac
304 1970 576 2027 paragrapho
607 1975 817 2014 tractatae
848 1971 1191 2025 adstringuntur:
2386 1962 2388 1964 ’

335 2150 369 2193 1)
396 2151 444 2186 cf.
471 2149 589 2187 Herc.
616 2150 700 2188 Oet.
729 2150 819 2187 1095
844 2151 885 2187 in
912 2160 1032 2188 versu
1059 2149 1282 2199 Glyconeo:
1309 2156 1500 2200 quattvor
1526 2153 1767 2201 praecipites
1794 2151 1893 2189 deus

466 2210 609 2258 Agam.
636 2211 725 2247 250:
756 2212 852 2258 quid
878 2223 967 2248 rere
992 2212 1043 2247 ad
1071 2213 1248 2248 animum
1273 2217 1415 2259 svapte
1441 2217 1587 2249 natura
1615 2218 1768 2249 trucem
1796 2233 1838 2238 —
1857 2217 1931 2249 etc.

333 2266 369 2314 2)
396 2267 608 2306 Annaeani
634 2275 769 2307 autem
794 2273 987 2307 sermonis
1014 2273 1249 2318 proprietati
1275 2273 1316 2307 in
1342 2273 1418 2308 hoc
1444 2274 1728 2309 contractionis
1753 2283 1905 2319 genere
1931 2269 2154 2307 cavendum
2182 2274 2251 2315 est,
2278 2278 2329 2305 ne
2348 2268 2590 2307 adnumeres

193 2334 299 2374 quae
324 2327 403 2366 sint
428 2334 640 2376 poetarum
666 2331 843 2367 omnium
869 2328 1105 2367 Latinorum
1130 2342 1206 2368 nec
1243 2342 1359 2368 secus
1390 2332 1591 2378 lapidibus
1618 2332 1849 2368 tradantur:
1899 2331 1987 2367 dico
2015 2331 2182 2367 verbum
2209 2328 2441 2374 dcem-andi,
2480 2331 2590 2376 quod

193 2388 313 2427 semel
339 2389 450 2434 apud
475 2388 669 2426 Senecam
695 2391 910 2434 invenitur,
936 2391 1155 2436 praecipue
1181 2394 1316 2426 autem
1343 2392 1458 2426 verbi
1487 2392 1662 2436 „deesse“
1691 2401 1760 2427 eas
1787 2392 1946 2434 formas,
1979 2391 2018 2424 in
2050 2390 2196 2435 quibus
2223 2390 2391 2424 verbum
2417 2390 2589 2436 simplex

192 2446 331 2492 incipit
357 2458 381 2484 a.
407 2448 538 2485 vocali
567 2449 627 2495 „e“
655 2446 829 2491 (cf.Vel.
856 2445 959 2485 Lon
968 2458 1006 2495 g.
1033 2449 1091 2485 de
1118 2448 1336 2496 orjtsshogr.
1364 2449 1520 2494 v11‚65‚
1548 2451 1571 2486 2
1588 2451 1640 2486 K:
1670 2452 1730 2496 „in
1757 2451 1832 2485 hac
1858 2454 1990 2485 tamen
2012 2449 2104 2494 „de·‘
2128 2449 2440 2495 praepositione,
2467 2459 2591 2495 quam

193 2505 277 2541 dixi
302 2507 462 2553 plenam
487 2510 694 2556 praeponi,
721 2509 1123 2545 animadvertendum
1148 2508 1258 2554 illud,
1287 2510 1397 2555 quod
1422 2511 1680 2554 imminuitur,
1707 2510 1739 2545 si
1765 2509 1927 2555 quando
1955 2518 2126 2553 sequens
2153 2518 2234 2543 vox
2253 2518 2278 2542 a
2294 2508 2427 2544 littera
2453 2518 2473 2544 e
2497 2508 2592 2544 inci·

192 2565 260 2610 pit,
286 2569 332 2602 ut
357 2570 418 2603 est
443 2567 621 2613 dev-rare,
648 2569 771 2613 desse,
805 2569 847 2604 in
873 2579 953 2614 qua
978 2569 1254 2604 enuntiatione
1280 2569 1428 2604 sufficit
1454 2570 1541 2614 ipsa
1566 2568 1826 2614 productio“).
1876 2568 1960 2603 Has
1997 2568 2121 2613 igitur
2158 2566 2336 2603 seclusas
2375 2571 2593 2613 propterea

192 2625 348 2658 tantum
373 2624 556 2671 exhibeo,
582 2636 634 2661 ne
659 2627 710 2663 sit
736 2627 1054 2662 contractionum
1080 2627 1314 2672 imperfecta
1340 2627 1546 2662 conlectio.
1575 2627 1690 2673 [deest
1716 2627 1832 2662 Herc.
1860 2627 1935 2661 fur.
1961 2626 2040 2661 500.
2092 2625 2239 2660 Troad.
2266 2626 2323 2661 61.
2374 2625 2515 2672 Oedip.
2533 2626 2592 2662 68.

192 2683 273 2719 694.
314 2704 358 2710 -—
400 2685 539 2722 derat:
579 2686 681 2723 Med.
707 2687 786 2722 992.
825 2687 941 2723 Herc.
974 2688 1048 2722 fur.
1079 2687 1159 2722 832.
1203 2687 1350 2722 Troad.
1374 2688 1455 2722 888.
1501 2687 1648 2722 Phoen.
1674 2687 1754 2721 369.
1799 2686 1967 2721 Phaedr.
1995 2686 2097 2720 1186.
2144 2685 2263 2720 Herc.
2297 2685 2382 2720 Oet.
2418 2686 2522 2721 1853.
2548 2704 2592 2711 -

192 2740 345 2778 desset.-
369 2742 519 2781 Phoen.
544 2746 625 2781 514.
654 2766 696 2772 —
723 2746 852 2781 derit:
878 2746 978 2782 Med.
1004 2746 1085 2781 403.
1123 2746 1292 2782 Phaedr.
1313 2747 1393 2782 473.
1422 2766 1463 2771 —
1491 2746 1623 2780 desse.-
1650 2745 1787 2791 Oedip.
1814 2745 1893 2779 693.
1932 2745 2101 2779 Phaedr.
2117 2745 2198 2780 477.
2213 2744 2294 2780 878.
2333 2744 2433 2790 Thy.
2447 2745 2530 2781 717.
2548 2763 2591 2771 —

192 2798 426 2840 derrantes:
452 2802 622 2842 Phaedr.
651 2803 767 2853 1069].
