2835 3439
96 198 102 207 ³
162 208 185 269 {s
221 224 415 301 ᾒρζηιίῃι.
447 265 506 272 -
536 236 583 293 d)
614 237 665 283 In
695 236 808 300 pede
839 241 1012 295 quarto.
1036 239 1216 297 pateris
1236 234 1395 283 Troad.
1420 240 1520 283 804.
1552 262 1610 271 —-
1640 236 1831 283 moreris
1850 236 2007 298 Oedip.
2029 238 2132 284 938.
2163 232 2277 284 Mod.
2307 236 2396 284 646
2426 236 2490 292 (h
2507 230 2637 289 ν6ὴί

221 310 445 370 Sapphico
475 312 668 365 minore).
699 334 758 342 -
789 311 983 368 loqueris
1025 310 1137 367 Thy.
1171 311 1273 354 246.
1319 335 1375 342 -
1406 310 1585 354 conaris
1627 309 1781 366 Agam.
1813 309 1915 354 207.
1946 335 2006 343 -
2035 311 2221 355 miraris
2259 310 2411 356 Oetav
2447 303 2546 357 743.
2577 322 2636 343 ⁴-
2658 308 2700 351 '²'··.'
2759 373 2767 381 .

153 427 156 432 ,
223 385 267 437 e)
298 384 351 429 In
392 383 503 441 pede
547 383 716 440 quinto:
762 383 941 440 pateris
985 383 1112 425 Herc.
1157 382 1240 426 fur.
1273 383 1373 426 614.
1424 383 1577 437 Agam.
1613 382 1711 425 147.
1756 381 1882 425 Herc.
1927 381 2023 425 Oet.
2058 383 2160 427 762.
2207 382 2334 427 1028.
2380 406 2433 413 -
2466 379 2637 425 coherio

223 451 575 498 Med.102‘1.-
605 453 766 497 coleris
797 452 980 496 Phaedr.
997 453 1099 497 407.
1131 478 1190 484 —
1222 454 1394 497 moliri-s
1425 452 1608 496 Phaedr.
1625 452 1727 495 431.
1758 477 1817 484 -
1840 454 2127 510 persequeris
2157 454 2284 498 Herc.
2316 452 2411 498 Oct.
2433 452 2560 496 1005.
2577 475 2636 485 —·

223 524 260 579 f)
292 525 487 569 Exeunte
518 538 662 568 versu:
695 524 925 567 ulcisceris
956 523 1070 579 Thy.
1107 525 1204 567 195.
1239 549 1294 554 —
1326 525 1491 567 laberis
1522 522 1707 566 Ph'aedr.
1741 523 1826 565 763
1859 522 1968 576 (ord.
2001 523 2231 580 logaoed.).
2349 515 2351 517 ¹

365 595 507 639 Primo
538 595 671 650 igitur
701 594 909 651 adspectu
941 600 1121 651 apparet
1152 595 1301 639 formis
1333 594 1559 638 deminutis
1603 594 1735 637 multo
1766 594 2017 650 praevalere
2048 595 2276 651 ampliores
2306 599 2435 649 atque
2465 592 2637 650 generis

223 667 440 721 utriusque
461 679 667 709 summam
689 665 864 708 facienti
887 664 1071 708 efficitur
1092 667 1201 708 ratio
1227 667 1245 707 1
1266 668 1358 708 211.
1391 665 1520 708 Cuius
1540 664 1601 708 rei
1625 678 1733 720 qnae
1757 677 1887 708 eausa
1903 664 1958 708 sit
1975 664 2090 709 haud
2114 665 2290 710 difficile
2304 669 2368 710 est
2382 668 2634 722 perspectu:

222 751 320 781 nam
351 736 497 780 formis
529 736 795 779 brevioribus
817 735 1022 778 adhibitis
1043 737 1174 779 facile
1199 737 1478 792 ambiguitate
1500 737 1844 791 obscuritateque
1867 746 2004 779 sermo
2036 736 2231 781 laborare
2253 737 2404 794 potuit,
2436 736 2634 792 quoniam

221 807 321 852 illae
364 807 526 852 formae
569 806 721 851 iisdem
765 808 1136 851 terminationibus
1180 813 1354 852 utuntur
1397 807 1630 862 eodemque
1674 812 1869 861 accentu,
1914 807 2069 863 quibus
2111 809 2350 853 Infinitivus
2393 806 2636 852 Praesentis

221 879 365 923 Activi
397 884 441 922 et
472 879 756 936 imperativus
790 879 1014 932 Passivi1).
1078 880 1152 923 Est
1193 880 1323 935 igitur
1368 879 1515 923 harum
1548 879 1774 923 formarum
1817 879 1927 923 ratio
1959 892 2130 936 prorsus
2162 879 2375 925 contraria
2407 880 2459 933 ei,
2508 893 2632 935 quam

221 950 365 997 adhuc
395 952 633 994 statuimus.

363 1021 637 1064 Canticorum
669 1022 839 1063 omnino
861 1022 1063 1077 plenioris
1084 1021 1248 1064 formae
1271 1021 1465 1077 exempla
1489 1028 1583 1063 sunt
1607 1021 1810 1076 quinque:
1844 1020 1955 1064 Med.
1975 1021 2053 1076 (2),
2086 1020 2269 1065 Phaedr.
2289 1020 2365 1078 (1),
2388 1022 2539 1078 Agam.
2558 1022 2633 1076 (1),

221 1092 349 1136 Herc.
381 1091 478 1137 Oet.
513 1094 526 1145 (
535 1094 591 1145 1),
624 1092 879 1148 reliquarum
911 1092 1228 1147 tragoediarum
1261 1092 1303 1134 in
1326 1092 1507 1135 canticis
1539 1105 1615 1135 eae
1643 1092 1804 1134 formae
1837 1092 2003 1136 desunt.
2066 1092 2300 1148 Plcrasque
2332 1093 2522 1148 integras
2551 1093 2633 1135 for-

220 1177 312 1209 mas
342 1164 404 1218 (6)
437 1164 605 1220 conlegi
638 1177 692 1208 ex
725 1165 1056 1219 Agamemnone.
1120 1164 1167 1205 In
1201 1162 1349 1205 cadem
1380 1163 1525 1206 fabula
1556 1164 1681 1206 unica
1713 1168 1853 1206 exstat
1886 1163 2080 1207 breviata
2112 1165 2266 1207 extrita
2306 1169 2446 1207 autem
2495 1164 2633 1207 termi-

218 1236 394 1279 natione
425 1235 469 1278 in
501 1248 709 1278 concursu
741 1235 963 1277 vocalium.
1028 1235 1187 1289 Aperte
1220 1238 1368 1276 eontra
1401 1235 1640 1277 terminatio
1672 1234 1794 1277 metri
1828 1247 1956 1278 causa
2009 1233 2226 1278 deminuta
2271 1234 2338 1279 bis
2380 1240 2559 1292 apparet
2590 1235 2631 1278 in

220 1305 421 1351 Phaedra
464 1306 555 1351 sola
599 1304 748 1350 eodem
793 1318 940 1349 versus
983 1305 1091 1348 loco.
1170 1305 1363 1348 Exeunte
1407 1319 1531 1350 versu
1575 1311 1744 1363 praeter
1787 1306 2112 1350 neccessitatem
2154 1306 2311 1362 legitur
2357 1306 2629 1364 „ulcisceri3“

220 1377 334 1435 Thy.
371 1378 467 1432 195,
511 1378 759 1434 pracsertim
806 1391 899 1420 cum
948 1378 1158 1420 sententia
1190 1392 1285 1421 cum
1331 1378 1486 1432 verbis,
1532 1392 1640 1433 quae
1672 1383 1872 1421 secuntur
1907 1378 2014 1434 „nisi
2048 1377 2227 1432 vincis“,
2261 1383 2348 1422 tum
2392 1379 2632 1435 negationis

220 1450 366 1508 specie
396 1450 501 1494 satis
532 1450 757 1505 perspicua
788 1449 856 1492 sit.

364 1520 679 1577 Exemplorum,
711 1533 821 1575 quae
853 1533 876 1563 e
909 1520 1099 1563 Senecae
1123 1520 1357 1575 tragoediis
1386 1522 1595 1576 congessi,
1629 1527 1827 1575 quattuor
1850 1527 2012 1563 tantum
2045 1535 2169 1564 sensu
2191 1522 2356 1577 passiro
2378 1528 2632 1578 usurpantur

221 1604 356 1648 eaque
395 1595 493 1637 sunt
536 1589 830 1636 tantummodo
876 1591 1111 1640 verborum,
1157 1606 1332 1647 quormn
1372 1592 1570 1636 Perfecta
1612 1593 1846 1636 formantur
1888 1592 2118 1636 seeundum
2167 1594 2243 1636 ΙΙΙ.
2289 1594 2629 1648 coniugationem

221 1666 402 1721 (rapere,
446 1665 606 1717 iubere,
651 1663 821 1713 colere),
866 1666 912 1705 ut
955 1667 1168 1717 nequeant
1212 1663 1414 1705 confundi
1461 1677 1554 1706 eum
1588 1665 1629 1705 2.
1662 1663 1782 1718 Sing.
1815 1663 1933 1707 Coni.
1978 1663 2091 1706 Pers.
2137 1663 2233 1706 Act.
2312 1664 2494 1718 Reliqua
2538 1664 2629 1716 (29)

218 1739 317 1779 suut
347 1735 489 1778 omnia
520 1734 745 1778 verborum
785 1732 1099 1792 deponentium.
1164 1733 1398 1791 Inquirenti
1445 1734 1547 1778 mihi
1581 1735 1798 1779 cuiusnam
1843 1735 2153 1792 coniugationis
2200 1740 2341 1781 essent
2384 1735 2459 1779 illa
2501 1735 2632 1778 verba

219 1807 362 1852 evenit
393 1806 501 1852 baec
533 1806 700 1851 tabulaz

1118 2005 1128 2040 ἱ
1563 2008 1869 2054 Coniugationis

579 2093 774 2140 Exempla
836 2092 956 2128 Varia
983 2093 1109 2128 verba

1835 2128 1891 2164 III
2008 2080 2012 2218 ι
2134 2126 2187 2163 IV

1250 2254 1295 2288 10

1137 2313 1174 2356 (8
1201 2324 1237 2348 v.
1264 2313 1406 2355 verba)

655 2282 702 2318 33
951 2283 997 2318 23

360 2497 552 2554 Apparet
584 2496 713 2553 igitur
745 2497 913 2541 tertiam
946 2511 1071 2553 quam
1116 2497 1263 2542 dicunt
1296 2497 1639 2554 coniugationem
1671 2498 1957 2555 principatum
1989 2502 2133 2541 tenere
2177 2500 2221 2539 et
2267 2494 2553 2551 exemplorum
2586 2499 2629 2537 et

215 2569 439 2613 verborum
470 2582 657 2612 numero.
722 2570 880 2612 Decem
904 2570 1101 2626 exempla
1133 2584 1156 2613 e
1189 2571 1222 2613 Ι.
1256 2571 1557 2626 coniugatione
1589 2572 1724 2627 petita
1756 2575 1853 2613 sunt
1884 2570 2025 2612 omnia
2057 2568 2278 2612 verborum
2313 2565 2627 2622 deponentium.

216 2639 376 2683 Contra
407 2639 585 2682 evitavit
618 2640 785 2684 Seneca
817 2641 870 2683 de
904 2641 1110 2683 industria
1145 2642 1369 2684 verborum
1394 2643 1426 2682 Ι.
1461 2642 1804 2696 eoniugationem
1837 2641 2100 2694 sequentium
2134 2640 2173 2681 2.
2208 2638 2328 2692 Sing.
2362 2637 2481 2680 Coni.
2513 2637 2626 2680 Pers.

216 2710 328 2763 Act„
360 2723 470 2763 quae
502 2724 709 2764 nusquam
742 2711 955 2753 invenitur
986 2712 1066 2753 nisi
1099 2711 1224 2753 unico
1256 2712 1371 2753 loco:
1406 2711 1517 2768 Thy.
1544 2714 1655 2755 1106
1681 2713 1883 2768 pararis,
1915 2710 1988 2755 ubi
2020 2710 2157 2754 forma
2188 2706 2466 2752 antecedente
2502 2706 2629 2765 ⁷,hau-

216 2779 347 2825 seris“
382 2781 486 2824 nihil
512 2781 629 2825 dubii
662 2783 991 2836 relinquebatur.
1040 2783 1167 2839 Apud
1199 2783 1392 2825 Plautum
1427 2788 1574 2826 contra
1605 2785 1647 2826 in
1671 2797 1722 2826 ea
1754 2784 1872 2827 verbi
1905 2783 2042 2826 forma
2076 2780 2298 2837 praevalet
2317 2780 2349 2822 Ι.
2384 2779 2628 2835 coniugatio

215 2858 259 2895 et
290 2853 347 2906 ΙΙ,
381 2866 557 2907 quarum
590 2855 788 2909 propriae
819 2859 916 2896 sunt
948 2854 1098 2910 plenae
1132 2854 1302 2896 vocales
1334 2869 1361 2896 α
1395 2859 1437 2896 et
1470 2868 1504 2908 e,
1539 2868 1633 2896 cum
1666 2854 1793 2896 tertia
1825 2854 2043 2908 aliquanto
2073 2850 2260 2895 recedat.

359 3045 395 3086 1)
421 3044 642 3086 Quaerenti
668 3047 760 3079 utra
786 3045 835 3080 sit
861 3045 1186 3080 terminationum
1206 3055 1263 3079 —re
1293 3049 1332 3078 et
1358 3043 1432 3077 —m's
1460 3044 1567 3088 prior
1593 3047 1632 3077 et
1658 3043 1890 3088 principalis
1917 3041 2131 3087 apparebit
2160 3050 2210 3074 ex
2237 3050 2314 3074 usu
2340 3039 2527 3074 Plautino
2545 3038 2626 3074 An-

213 3112 374 3139 naeano
400 3102 507 3138 illam
534 3112 622 3138 esse
647 3113 747 3145 eam,
774 3104 814 3138 in
841 3114 922 3149 qua
949 3113 997 3138 ea
1024 3103 1138 3138 verbi
1166 3105 1295 3138 forma
1322 3107 1418 3138 nata
1444 3106 1513 3145 est,
1541 3102 1705 3138 alteram
1734 3107 1867 3136 autem
1896 3102 1935 3135 in
1962 3099 2039 3134 -ris
2065 3101 2280 3134 exeuntem
2307 3099 2627 3134 terminationem

214 3170 304 3198 csse
329 3162 596 3199 recentiorem
623 3162 922 3210 perspicuitatis
948 3172 1072 3199 causa
1099 3163 1346 3206 accersitam,
1373 3172 1424 3197 ne
1451 3161 1706 3208 quarundam
1733 3161 1953 3197 formarum
1981 3159 2086 3196 aliae
2113 3158 2201 3195 aliis
2229 3158 2541 3194 confundantur.
