2835 3439
207 345 212 351 Δ
332 273 466 358 γ’ΒΙιγ
492 281 610 342 1104
638 301 739 342 ante
770 310 989 342 caesuram
1028 297 1387 354 semiquinariam.
1419 323 1477 328 —
1508 299 1718 341 condaris
1761 298 1887 341 Herc.
1933 298 2013 341 fur.
2050 298 2164 340 1010
2194 297 2238 340 in
2281 261 2393 354 pede
2435 298 2637 360 quinto

189 358 380 430 Siffiilem
411 369 544 426 igitur
573 370 618 412 in
649 368 768 412 Coni.
802 369 844 412 2.
866 369 986 425 Sing.
1018 369 1226 413 rationem
1257 370 1447 424 sequitur
1468 369 1634 413 Seneca
1664 374 1792 423 atque
1831 368 2019 411 eiusdem
2041 381 2249 424 personae
2277 369 2322 410 in
2342 367 2596 423 Indicativo,

181 442 269 488 ‘etsi
294 439 594 496 ambiguitatis
624 440 856 495 periculum
887 453 969 483 non
1003 445 1108 483 erat.

331 511 377 565 4)
409 509 687 565 Imperfect.
719 509 849 554 Pass.
885 509 1015 553 Geni.
1049 511 1091 554 2.
1125 510 1278 564 singu:
1303 517 1514 567 paterere
1546 510 1696 553 Octav.
1732 511 1816 552 299
1848 512 1889 553 in
1922 510 2032 566 pede
2066 509 2201 552 altero
2233 508 2467 552 teti-emetri
2499 523 2597 552 ana-

190 583 384 640 paestici.
416 605 475 611 -—
505 585 550 623 at
577 581 802 636 fruereris
834 580 1017 623 Phaedr.
1055 581 1164 624 1187
1198 581 1241 624 in
1273 580 1384 638 pede
1416 582 1575 635 quinto.

330 652 380 706 ὅ)
413 650 520 694 Fut.
553 649 687 694 Pass.
719 650 760 696 2.
794 649 946 703 sing-2
1001 653 1043 704 a)
1085 652 1127 694 in
1158 652 1269 708 pede
1313 652 1447 694 altero
1486 652 1661 695 senarii:
1707 666 1855 708 coyere
1888 653 2013 695 Herc.
2063 652 2144 694 fur.
2178 651 2280 711 426,
2312 675 2369 681 —-
2408 652 2598 694 moriere

192 726 318 767 Herc.
350 722 430 765 fur.
447 723 548 764 429.
582 722 693 764 Med.
717 723 812 766 ΠΟ.
847 723 972 764 Herc.
992 723 1086 765 Oet.
1105 724 1205 765 332.
1238 747 1295 753 -—
1327 723 1371 775 b)
1404 724 1447 764 in
1479 722 1589 778 pede
1622 728 1772 777 quarto
1805 724 1976 765 senarii:
2009 736 2160 779 coyere
2193 722 2319 765 Herc.
2352 721 2447 765 Oet.
2470 721 2597 776 1710,

190 807 337 839 versus
368 792 576 849 Sapphiei
608 793 798 836 minoris:
833 795 1022 836 moriere
1055 794 1213 836 Troad.
1247 795 1347 837 860.
1386 819 1425 825 —

333 865 515 907 Formae
547 864 698 908 solitae
745 869 916 907 exstant
959 865 1230 920 quinquiens:
1276 868 1319 918 a)
1351 867 1541 908 mitteris
1573 865 1723 921 Oedip.
1757 866 1856 907 521.
1890 891 1942 895 ——
1977 866 2182 909 morieris
2218 864 2374 921 Agant.
2407 863 2506 907 971.
2540 888 2596 895 —

190 938 429 982 satiaberis
460 935 572 992 Thy.
604 936 693 979 980
724 936 767 978 in
800 936 911 992 pede
943 937 1091 979 altero.
1124 961 1180 967 --
1215 938 1256 990 b)
1289 939 1485 993 sequeris
1517 937 1674 979 Troad.
1710 938 1807 979 777.
1849 937 1971 980 llere.
2006 938 2101 980 Oet.
2135 937 2218 979 897
2254 936 2297 978 in
2329 935 2441 991 pede
2472 936 2597 978 tertio

191 1012 291 1050 ante
324 1019 557 1049 caesuram.
590 1030 648 1036 —
681 1009 720 1059 c)
754 1007 797 1048 in
829 1006 911 1049 fine
944 1020 1089 1049 versus
1121 1007 1326 1063 Sapphici
1358 1008 1547 1049 minoris:
1580 1008 1775 1063 sequeris
1809 1007 1931 1049 Herc.
1965 1009 2059 1050 Oet.
2097 1007 2222 1049 1532.

333 1077 605 1132 Reliquorum
638 1082 873 1134 temporum
907 1083 950 1121 et
981 1078 1199 1121 modorum
1247 1079 1288 1120 in
1321 1080 1362 1120 2.
1395 1079 1511 1121 Pers.
1545 1079 1663 1133 Sing.
1714 1092 1809 1121 cum
1849 1078 2006 1121 formae
2052 1078 2293 1133 ampliores,
2341 1091 2598 1132 quamquam

191 1163 275 1192 non
307 1152 427 1192 tanto
459 1153 555 1192 sunt
587 1149 793 1204 praecisis
824 1149 1063 1205 superiores
1096 1155 1252 1203 quanto
1284 1149 1326 1191 in
1358 1150 1502 1192 Praes.
1537 1150 1654 1191 Pass.
1689 1148 1938 1202 Indicativo,
1986 1162 2158 1192 numero
2203 1153 2345 1191 tamen
2392 1161 2598 1203 praepon-

192 1219 344 1261 derent
376 1219 524 1272 (9:8),
558 1218 643 1261 dici
677 1219 805 1261 licere
836 1224 959 1274 puto:
994 1220 1136 1261 Praes.
1171 1220 1290 1261 Pass.
1323 1219 1415 1262 Ind.
1449 1220 1491 1261 in
1523 1220 1564 1261 2.
1588 1220 1709 1273 Sing.
1743 1218 1909 1261 videtur
1940 1220 2105 1262 Seneca
2136 1218 2437 1273 ‘grammaticis
2469 1218 2597 1260 ratio-

192 1290 315 1334 nibus
347 1288 559 1334 adductus
591 1304 697 1345 esse,
730 1298 776 1333 ut
809 1291 967 1334 formas
999 1291 1215 1334 breviores
1248 1292 1416 1334 vitaret.
1480 1293 1527 1334 In
1561 1291 1734 1345 reliquis
1766 1291 2034 1346 temporibus,
2067 1290 2146 1333 etsi
2180 1290 2280 1333 illae
2312 1302 2469 1332 causae
2501 1288 2597 1333 dee-

192 1366 300 1410 rant,
332 1362 535 1416 analogia
566 1361 726 1404 factum
759 1368 835 1416 est,
870 1369 914 1403 ut
946 1363 1082 1405 solitis
1115 1364 1255 1418 potius
1287 1376 1411 1416 quam
1445 1363 1674 1404 deminutis
1706 1362 1955 1416 indulgeret.

334 1432 381 1475 Si
413 1432 543 1487 igitur
574 1434 721 1488 paucis
753 1439 944 1489 repetere
977 1434 1090 1487 licet,
1139 1448 1248 1488 quae
1295 1434 1435 1475 adhuc
1483 1434 1719 1487 statuimus,
1767 1433 1990 1475 dicendum
2023 1438 2106 1475 est:
2156 1445 2444 1487 quascumque
2477 1432 2595 1475 verbi

192 1503 349 1546 formas
381 1503 595 1546 decurtari
628 1510 862 1559 praecepta¹
889 1505 1171 1559 grammatica
1202 1506 1357 1558 sinunt,
1390 1505 1455 1558 iis,
1488 1505 1523 1546 si
1556 1505 1686 1546 salvis
1719 1505 1882 1558 legibus
1913 1504 2098 1545 metricis
2129 1504 2334 1557 salvaque
2356 1504 2594 1546 sententiae

194 1573 498 1629 perspicuitate
529 1573 620 1616 fieri
652 1574 767 1627 licet,
800 1574 965 1617 Seneca
998 1576 1128 1617 utitur
1160 1575 1404 1618 decurtatis.
1468 1574 1736 1630 Excipienda
1768 1581 1830 1617 est
1861 1580 2021 1617 tantum
2063 1575 2181 1617 Pass.
2215 1576 2256 1617 2.
2290 1574 2427 1629 Sing.,
2475 1575 2594 1617 cuius

192 1645 355 1687 formae
387 1644 599 1699 pleniores
630 1646 914 1701 principatum
948 1651 1102 1688 tenent.

335 1715 425 1758 Iam
457 1715 522 1770 iis,
571 1730 680 1770 quae
712 1715 766 1758 de
798 1716 940 1759 Plauti
972 1722 1014 1760 et
1046 1718 1239 1760 Senecae
1270 1718 1530 1772 geminarum
1564 1717 1787 1760 formarum
1827 1730 1901 1759 usu
1934 1716 2217 1772 exposuimus,
2265 1716 2376 1758 inter
2406 1729 2451 1758 se
2483 1730 2592 1759 com-

193 1786 354 1842 paratis
384 1786 579 1840 efficitur,
613 1787 725 1841 quod
758 1801 860 1830 sane
892 1789 1040 1830 mirum
1074 1794 1137 1830 est
1167 1789 1315 1831 auditu
1348 1790 1457 1831 intra
1489 1789 1694 1831 ducentos
1725 1789 1812 1830 fere
1844 1803 1974 1830 annos
2012 1788 2201 1842 linguam
2233 1787 2434 1829 Latinam
2466 1788 2592 1843 plane

193 1857 236 1900 in
267 1857 522 1901 eontrarium
554 1872 718 1901 versam
752 1858 912 1913 circuli,
946 1864 991 1902 ut
1023 1860 1082 1902 ita
1113 1859 1267 1913 dicam,
1300 1874 1444 1903 arcum
1477 1861 1733 1915 percurrisse
1766 1866 1930 1902 centum
1963 1858 2184 1914 octoginta
2214 1858 2438 1913 graduum.
2482 1860 2592 1903 Nam

194 1941 303 1982 quae
325 1928 458 1970 initiis
480 1929 713 1972 litterarum
737 1930 984 1972 Latinarum
1007 1931 1048 1973 in
1072 1944 1148 1973 usu
1179 1931 1410 1986 praecipue
1443 1931 1572 1975 fuisse
1605 1931 1877 1986 cognovimus
1909 1931 2077 1972 circiter
2108 1929 2329 1972 dimidium
2350 1930 2474 1985 primi
2497 1934 2594 1985 post

194 1998 405 2042 Christum
438 2004 582 2042 natum
614 2001 769 2043 saeculi
804 2006 849 2042 ut
882 2001 1051 2044 exoleta
1083 2001 1297 2057 repudiari
1330 2015 1556 2056 eorumque
1595 2003 1806 2044 contraria
1846 2002 2013 2057 placeie
2044 2000 2249 2043 videmus.

335 2070 469 2114 Multa
499 2084 601 2114 sane
633 2071 801 2115 diverso
834 2073 973 2115 Plauti
1006 2077 1048 2115 et
1079 2073 1269 2116 Senecae
1300 2087 1478 2129 poeseos
1508 2075 1669 2128 generi,
1715 2074 1847 2115 multa
1885 2072 2079 2114 diversae
2111 2071 2227 2113 vitae
2259 2071 2491 2114 conditioni
2525 2072 2594 2114 tri-

195 2140 364 2185 buenda
395 2147 505 2197 sunt,
538 2143 660 2198 plura
692 2143 888 2186 excultae
920 2144 1164 2199 posterioris
1195 2145 1350 2187 aetatis
1381 2145 1477 2200 eleg
1479 2144 1623 2187 ⁸mtiae
1655 2151 1696 2186 et
1729 2144 1936 2185 delicatae
1969 2142 2138 2184 cuidam
2171 2143 2416 2184 urbanitati.
