2835 3439
9 193 21 204 *
45 187 47 189 ’
175 217 178 221 .
196 185 360 251 0301,
372 175 430 240 501
456 180 654 241 samo
684 192 919 251 tragoediis
948 192 1054 239 nibil
1088 194 1192 239 certi
1224 194 1441 239 enucleari
1472 197 1630 252 posset,
1679 207 1775 240 cum
1805 194 1898 241 eius
1926 194 2042 242 modi
2073 195 2239 244 formae
2267 192 2414 258 apud

0 244 3 268 ³
119 279 144 299 π
212 265 307 320 nisi
325 268 439 314 ante
459 258 741 313 consonantes
771 280 853 310 non
885 266 1171 313 inveniantur.
1234 267 1425 312 Hochius
1445 246 1710 312 Lachmanni
1741 269 2010 324 sententiam,
2042 283 2128 328 qua
2148 275 2267 317 recte
2286 269 2401 317 dixit
2416 255 2632 320 &uocaui

211 338 406 383 ultimam
437 338 587 384 harum
618 339 844 382 formarum
876 338 1085 394 syllabam
1118 339 1370 395 productam
1400 352 1626 395 usurpasse
1658 341 1823 395 (adiit),
1860 340 2068 384 reiciebat
2112 341 2185 386 ille
2216 341 2389 400 quidem
2431 341 2523 387 eius
2548 343 2627 389 rei

216 410 416 467 exempla
445 415 563 455 ratus
584 410 775 454 Senecae
798 409 1088 454 abiudicanda
1121 424 1234 455 esse.
1265 424 1383 465 sane,
1416 410 1611 467 exemplo
1633 416 1751 454 certo
1772 411 1887 455 nullo
1918 411 2068 456 nititur
2093 412 2394 459 Lachmannus
2415 427 2439 458 c
2460 413 2628 461 Seneca
2673 406 2695 426 ²

216 481 353 538 petito
384 486 512 538 atque
533 482 672 538 potuit
704 482 833 525 ctiam
857 481 1065 537 Hocbius,
1096 483 1262 527 etiamsi
1294 484 1498 540 optimum
1531 481 1722 526 codicem
1754 487 1923 528 secutus
1944 488 2070 540 esset,
2104 498 2275 530 causam
2307 472 2509 542 invenire,
2544 486 2630 543 qua

213 553 349 612 ipsius
379 554 631 598 sententiam
664 578 721 584 -
752 553 862 597 falso
894 554 1006 597 enim
1039 555 1217 611 putabat
1249 554 1455 597 tribu-eves
1488 567 1581 597 esse
1612 554 1708 598 illas
1750 554 1910 598 formas
1951 579 2009 586 —
2053 557 2360 614 comprobaret.
2409 557 2520 603 Nam
2562 571 2627 602 ra·

216 624 333 670 tione
363 625 511 670 habita
543 625 633 668 eius
664 625 785 682 legis,
818 638 946 681 quam
978 627 1109 669 statui
1141 626 1195 670 de
1227 628 1417 671 Senecae
1450 627 1491 670 in
1524 640 1670 670 versus
1712 627 1833 670 initio
1877 627 2049 671 dicendi
2092 642 2263 685 genere,
2306 629 2444 687 potuit
2486 628 2630 674 dicere

215 697 361 741 formis
406 695 593 740 diductis
639 697 682 739 in
726 697 918 740 versibus
956 699 1082 741 Herc.
1116 699 1195 741 fur.
1229 700 1329 741 244.
1362 701 1461 753 321,
1502 698 1658 741 Troad.
1693 699 1779 742 806
1822 699 2029 755 imprimis
2058 701 2363 757 impedimento
2395 700 2530 745 fuisse
2561 714 2629 745 aee·

214 762 382 812 centum
415 781 441 810 a
464 767 657 811 Senecae
688 768 855 811 ratione
886 769 1141 825 prosodiaca
1174 770 1288 812 haud
1321 770 1503 812 alienum
1535 770 1649 812 illum
1685 769 1855 824 quidem
1869 773 1915 823 ¹),
1949 770 2024 813 sed
2056 771 2202 814 nisi'in
2225 772 2367 815 verbis
2397 771 2628 828 dactylicis

214 852 297 883 non
329 837 560 882 admissum
593 853 673 881 nec
703 839 762 882 ibi
800 839 973 883 auribus
1017 839 1325 894 suavissimum,
1375 841 1416 883 in
1449 854 1572 882 versu
1605 846 1744 882 autern
1772 839 1954 884 Phaedr.
1989 842 2070 883 221
2107 843 2317 898 positione
2349 847 2624 898 anapaestum

213 908 316 954 fieri.
379 908 596 963 Attamen,
628 923 681 952 nc
714 923 767 952 ex
800 924 851 953 ea
884 910 979 965 lege
1012 909 1212 953 metiendi
1258 910 1371 953 istud
1403 925 1537 966 genus
1568 911 1759 953 Senecae
1791 911 2083 965 attribuamus,
2129 919 2355 969 propterea
2385 913 2623 958 cavendum

212 985 292 1034 est,
331 980 432 1037 quia
463 979 726 1024 consuetudo
757 981 831 1024 illa
862 981 903 1024 in
936 994 1083 1024 versus
1117 981 1238 1025 initio
1270 982 1521 1036 Annaeana,
1570 996 1693 1037 quani
1742 982 2049 1036 constituimus,
2094 984 2413 1040 perspicuitatis
2460 984 2624 1028 ratione

211 1049 426 1096 advocata
457 1051 562 1096 satis
594 1051 798 1109 probatur
829 1057 871 1097 et
893 1051 1140 1096 inlustratur
1171 1057 1314 1109 atque,
1348 1052 1391 1097 id
1418 1052 1531 1110 quod
1563 1053 1857 1109 gravissimum
1881 1059 1958 1109 est,
1992 1055 2105 1110 quia,
2137 1053 2172 1099 si
2206 1069 2308 1100 vera
2339 1061 2450 1100 essct
2469 1055 2622 1101 Hochii

210 1122 266 1167 de
297 1122 382 1169 illis
413 1122 560 1168 formis
590 1125 816 1180 sententia,
855 1139 878 1168 a
913 1138 1027 1168 more
1060 1125 1312 1181 scriptorum
1346 1130 1388 1169 et
1421 1126 1698 1182 posteriorum
1731 1132 1773 1169 et
1805 1139 1962 1181 eorum,
2009 1126 2081 1182 qui
2114 1131 2241 1172 antea
2273 1127 2407 1182 fuere,
2452 1140 2622 1184 prorsus

210 1193 377 1241 Seneca
407 1195 522 1240 solus
556 1194 809 1247 discederet.
872 1196 983 1242 Nam
1016 1195 1085 1240 hic
1118 1197 1303 1240 omnium
1335 1210 1427 1241 mos
1458 1197 1538 1241 fuit
1582 1202 1815 1255 poetarum,
1848 1202 1894 1242 ut
1929 1196 2095 1254 „adim
2132 1202 2213 1243 cet.
2247 1203 2502 1256 anapaestos
2533 1211 2618 1245 me-

211 1266 446 1320 tirentur2).

352 1338 559 1393 Reliquae
577 1339 763 1382 Perfecti
797 1344 839 1382 et
857 1339 1269 1395 Plusquamperfecti
1289 1340 1464 1393 formae,
1498 1354 1607 1394 quae
1640 1340 1721 1382 huc
1753 1340 1978 1395 pertinent,
2013 1341 2303 1384 contractione
2336 1355 2480 1385 omnes
2501 1345 2620 1384 utun-

211 1412 294 1464 tur,
325 1409 427 1466 quin
459 1410 588 1454 etiam
621 1409 673 1453 iis
704 1410 822 1463 locis,
868 1411 1020 1465 quibus
1050 1414 1184 1453 metro
1224 1425 1307 1453 non
1340 1411 1501 1454 violato
1540 1411 1707 1468 syllaba
1738 1411 1885 1466 augeri
1918 1415 2129 1467 poterant,
2174 1418 2219 1455 ut
2252 1417 2357 1468 puta
2400 1412 2440 1455 in
2485 1412 2621 1469 primo

210 1479 341 1537 pede:
376 1482 536 1525 obisse:
570 1480 724 1537 Oedip.
759 1482 859 1525 765.
891 1507 950 1513 -
975 1483 1168 1538 perisse:
1202 1483 1355 1537 Agam.
1392 1483 1519 1525 1009.
1552 1508 1611 1513 —
1635 1484 1866 1539 petissem:
1914 1482 2073 1526 Troad.
2105 1483 2214 1536 555;
2248 1483 2291 1526 in
2322 1483 2433 1540 pede
2464 1483 2620 1527 altero:

209 1552 429 1596 redimus:
464 1552 590 1595 Herc.
623 1553 702 1595 fur.
740 1553 867 1595 1143.
900 1553 1084 1596 Phaedr.
1122 1554 1256 1607 12133
1288 1554 1332 1596 in
1354 1553 1464 1609 pede
1487 1554 1631 1596 tertio:
1666 1555 1826 1597 obi-sse.-
1857 1553 2039 1597 Phaedr.
2074 1554 2175 1608 998,
2209 1555 2362 1610 quibus
2394 1554 2499 1598 locis
2530 1554 2621 1598 brc-

207 1622 337 1667 viatis
367 1624 517 1666 formis
548 1636 648 1667 usus
679 1628 744 1668 est
774 1625 952 1678 Seneca,
986 1626 1064 1668 etsi
1097 1625 1273 1667 metrica
1305 1625 1469 1668 ratione
1501 1638 1585 1667 non
1617 1624 1983 1668 desiderabantur.

351 1695 460 1738 Sunt
482 1700 622 1739 autem
654 1695 756 1740 hae:
793 1697 834 1749 1)
867 1697 995 1740 Perf.
1034 1698 1070 1739 1.
1104 1697 1244 1753 Sing.
1278 1696 1439 1740 formae
1472 1696 1710 1753 bisyllabae
1742 1700 1904 1740 tantum
1935 1696 2060 1739 modo
2084 1709 2230 1740 versus
2262 1697 2416 1740 senarii
2448 1698 2619 1741 iambici

352 1875 386 1918 1)
414 1874 529 1918 Quod
549 1875 712 1910 unicum
732 1875 863 1912 adfert
882 1876 1111 1923 exemplum
1131 1875 1295 1912 alterius
1309 1876 1349 1911 in
1365 1875 1531 1911 tribrevi
1551 1875 1733 1922 syllabae
1748 1879 1892 1912 acutae
1906 1876 1968 1917 (cf.
1985 1875 2069 1923 p.9:
2099 1877 2252 1921 „anime
2267 1875 2507 1923 patrandum
2524 1874 2619 1922 est“)

205 1935 391 1980 equidem
418 1946 500 1970 non
527 1936 676 1971 inveni.
728 1935 858 1973 Credo
896 1937 1023 1982 igitur
1061 1937 1194 1971 animo
1234 1937 1321 1971 eius
1348 1936 1608 1971 obversatum
1641 1946 1730 1970 esse
1756 1935 1922 1971 Medeae
1948 1947 1985 1971 v.
2011 1936 2091 1980 924,
2131 1937 2201 1971 ubi
2228 1937 2286 1980 iis,
2327 1946 2433 1982 quae
2459 1936 2618 1973 codices

206 1995 421 2041 praebent:

902 2053 1036 2090 animo
1064 2054 1288 2100 parandum
1317 2059 1376 2090 est
1403 2074 1446 2080 —
1474 2054 1587 2090 liberi
1615 2053 1817 2100 quondam
1844 2054 1921 2090 mei

204 2116 398 2151 accentus
424 2113 677 2150 difficultates
705 2114 825 2161 plane
850 2114 1055 2150 tolluntur.

323 2185 382 2228 Δ2)
407 2185 441 2220 3.
457 2184 568 2231 Sing.
584 2185 757 2220 Pert'ecti
781 2186 1102 2221 terminationem
1133 2184 1204 2231 „23⁴⁴
1236 2195 1258 2221 a
1283 2185 1428 2221 Plauto
1455 2185 1693 2231 productam
1720 2185 1971 2231 eandemque
1998 2184 2187 2220 metiendi
2216 2185 2411 2220 rationem
2438 2194 2462 2220 a
2489 2189 2616 2231 poste-

202 2244 320 2280 rioris
346 2245 492 2281 aetatis
519 2245 647 2291 poetis
685 2250 886 2281 servatam
925 2255 1013 2281 esse
1049 2246 1184 2281 multis
1222 2245 1416 2291 exemplis
1455 2244 1745 2280 demonstravit
1784 2254 1873 2279 cum
1907 2243 2276 2280 Fleckeiscnus
2302 2244 2339 2288 (l.
2367 2254 2398 2279 c.
2425 2254 2462 2290 p.
2488 2244 2545 2280 20.
2570 2244 2617 2280 23

202 2303 354 2346 adnot.)
379 2307 465 2340 tum
483 2303 829 2340 Lachmannus
856 2304 1031 2347 (Lucret.
1046 2305 1114 2349 111,
1144 2304 1236 2339 1042
1262 2316 1298 2350 p.
1313 2304 1383 2339 206
1411 2307 1538 2347 extu),
1566 2305 1633 2349 qui
1661 2305 1747 2339 eius
1773 2304 1874 2349 legis
1900 2303 2244 2339 confirmationem
2262 2303 2489 2348 ingreditur
2506 2304 2615 2339 hisce

202 2363 339 2398 verbis
364 2363 589 2399 acerrimis:
618 2363 752 2407 „Adeo
779 2364 1031 2409 grammatici
1058 2365 1183 2399 nostri
1211 2374 1270 2407 ea,
1299 2374 1405 2409 quae
1432 2364 1564 2408 quivis
1591 2374 1691 2408 puer
1710 2363 1913 2398 Romanus
1933 2363 2096 2406 sciebat,
2124 2362 2361 2408 neglegunt,
2386 2372 2460 2398 nos
2478 2366 2613 2399 autem

201 2431 318 2457 senes
345 2431 393 2457 ea
421 2431 592 2468 operose
619 2432 817 2467 quaerere
843 2423 1027 2468 cogimur
1054 2433 1160 2468 quae
1186 2423 1302 2457 nobis
1329 2423 1510 2468 magistri
1536 2423 1661 2457 nostri
1689 2422 1781 2457 olim
1807 2422 1969 2456 tradere
1996 2421 2232 2456 debebant.“
2262 2420 2385 2456 Cuius
2403 2422 2460 2456 rei
2479 2421 2616 2457 firmis-

201 2482 344 2517 simum
386 2486 446 2517 est
472 2486 770 2527 argumentum,
810 2482 918 2526 quod
954 2483 994 2517 in
1024 2482 1132 2527 lege
1159 2483 1366 2527 agraria
1393 2492 1428 2516 a.
1455 2480 1524 2516 643
1562 2482 1804 2526 quinquiens
1842 2482 2034 2526 scriptum
2073 2484 2206 2516 exstat
2248 2479 2444 2523 „venielt“
2485 2480 2539 2521 (C.
2567 2480 2613 2516 G.

199 2539 376 2575 Bruns:
402 2540 535 2575 fontes
561 2541 659 2575 iuris
685 2540 854 2575 Romani
882 2541 1048 2585 antiqui,
1075 2540 1263 2586 Friburgi
1290 2541 1331 2575 in
1358 2539 1572 2585 Brisgavia
1600 2539 1708 2575 18875
1734 2550 1832 2575 cura
1857 2539 1934 2574 Th.
1961 2539 2224 2574 Mommsen
2252 2549 2287 2584 p.
2307 2539 2350 2574 81
2366 2549 2436 2575 ss.:
2473 2539 2530 2575 58.
2556 2539 2613 2575 65.

200 2598 257 2635 67.
284 2598 340 2634 75.
367 2598 438 2640 91).
489 2597 580 2634 Alia
606 2599 731 2634 multa
758 2604 1000 2645 argumenta
1030 2610 1080 2635 ex
1108 2600 1236 2645 poetis
1262 2600 1365 2634 sumi
1392 2603 1571 2644 possunt,
1599 2610 1620 2634 e
1647 2599 1795 2644 quibus
1820 2599 1925 2644 elegi
1952 2599 2070 2634 haec:

664 2657 793 2693 Plaut.
820 2657 1006 2693 Pseudol.
1032 2658 1120 2693 311:
1148 2658 1244 2693 Ilico
1271 2646 1383 2692 vixi‘t
1409 2660 1574 2701 amator,
1601 2656 1671 2691 ubi
1697 2657 1832 2692 lenoni
1863 2655 2073 2703 supplicat.

667 2716 809 2752 catull.
837 2718 893 2760 64,
920 2718 984 2752 ‘202
1144 2718 1246 2751 Tum
1273 2718 1411 2752 Thetis
1438 2718 1634 2752 humanos
1660 2728 1742 2751 non
1769 2717 1962 2762 despexit
1988 2717 2234 2761 hymenaeos

665 2775 760 2810 Hor.
788 2775 868 2811 Sat.
899 2778 930 2819 1,
959 2777 1012 2818 19,
1040 2777 1103 2810 21:
1144 2788 1266 2821 quom
1298 2777 1468 2821 gravius
1496 2776 1615 2810 dorso
1642 2777 1776 2810 subiit
1802 2786 1915 2810 onus.
1954 2777 2094 2820 incipit
2120 2775 2185 2809 illc

666 2833 780 2870 Ovid.
807 2833 898 2871 Met.
927 2835 957 2878 1,
989 2834 1075 2870 114:
1142 2833 1225 2871 Sub
1252 2834 1350 2871 Iove
1378 2833 1553 2870 mundus
1580 2838 1676 2879 erat,
1704 2834 1839 2870 subiit
1865 2838 2062 2880 argentea
2089 2832 2233 2879 proles.

931 2894 964 2938 9,
990 2894 1078 2929 ⁴310:
1145 2905 1225 2929 non
1252 2894 1369 2929 adiit
1395 2897 1500 2940 apte,
1528 2903 1602 2928 nec
1629 2894 1726 2940 legit
1751 2894 1911 2937 idonea,
1938 2893 2071 2938 credo,

1143 2959 1336 2999 tempora,
1363 2964 1439 2989 nec
1466 2954 1594 2998 petiit
1622 2954 1758 2988 horam
1786 2955 2046 2998 animumque
2072 2956 2284 2987 vacantem

932 3014 985 3056 10,
1013 3014 1077 3049 74:
1142 3013 1428 3058 Persephonen
1456 3012 1563 3048 adiit
1589 3013 1885 3057 inamoenaque
1911 3023 2039 3058 regna
2065 3015 2268 3048 tenentem

664 3070 846 3117 Epist.ex
856 3070 985 3123 Ponto
997 3072 1500 3118 1,3‚74:Thessalicamque
1526 3072 1635 3107 adut
1661 3072 1806 3119 hospes
1831 3071 1994 3108 Achillis
2020 3072 2184 3108 humum

950 3132 981 3175 1,
1007 3131 1041 3176 4,
1066 3131 1258 3176 46:111m1,
1286 3131 1396 3177 quod
1423 3131 1553 3167 subi‘t
1579 3130 1739 3168 Aesone
1765 3135 1885 3168 natus
1912 3141 2025 3178 opus.
